2768 4498
247 225 307 288 130

542 221 585 272 nu
598 219 736 272 curicus
749 219 808 276 urs,
822 219 850 271 u.
875 219 945 272 cur.
960 223 984 272 ι.
998 193 1025 272 a?

192 388 223 438 15
242 397 318 458 quae
332 377 401 438 usui
417 385 544 456 possunt
560 375 809 454 esse,capiuutur.
833 373 909 446 Quid
927 391 1103 435 enumerem
1121 375 1303 436 artiummul·

241 462 412 546 titudinem,
429 462 494 521 sine
510 460 617 539 quibus
641 461 702 520 vita
718 459 843 519 omnino
866 459 947 520 nulla
966 477 1034 520 osse
1049 456 1223 538 potuisset?
1256 460 1304 532 Qui

242 549 323 608 euim
339 547 433 623 aegris
446 544 665 620 subveniretur,
693 563 768 622 quac
790 553 869 604 esset
891 543 1048 605 oblectatio
1070 545 1242 614 valentium,
1263 545 1305 623 qui

241 632 340 692 victus
356 638 407 692 aut
422 631 528 700 cultus,
536 631 596 689 nisi
609 637 670 689 tam
687 629 798 689 multae
813 628 900 689 nobis
913 627 994 690 artes
1006 626 1234 689 ministrarent?
1248 630 1305 708 qui·

241 717 299 777 hus
315 715 406 776 rebus
423 717 538 776 exculta
558 715 717 774 hominum
738 713 797 773 vita
817 720 935 774 tautum
957 713 1048 774 distat
1063 734 1080 776 a
1093 714 1176 776 victu
1192 722 1223 774 et
1237 713 1330 781 cultus

242 800 419 861 bestiarum.
443 799 538 860 Urbes
552 817 623 860 vero
639 799 705 859 sine
719 799 878 858 hominum
895 807 982 858 coetu
997 815 1061 858 non
1075 799 1246 878 potuissent
1259 817 1306 858 nec

243 885 392 947 aedificari
407 903 463 946 nec
478 885 673 963 frequentari,
680 903 715 944 ex
728 901 787 962 quo
802 884 880 960 leges
896 901 1055 960 moresque
1071 884 1237 954 constituti,
1249 892 1306 944 tum

243 1056 442 1116 mansuetudo
459 1055 627 1114 animorum
644 1060 804 1114 consecuta
812 1061 841 1114 et
850 1053 1027 1113 verecundia
1043 1062 1099 1122 est,
1115 1055 1307 1134 effectumque

242 1150 277 1202 ut
293 1140 441 1200 essetvita
457 1139 603 1199 munitior
611 1145 742 1216 atqueut
756 1138 854 1199 dando
871 1146 901 1198 et
916 1137 1087 1216 accipiendo
1103 1139 1308 1217 mutandisque
1323 1152 1342 1201 tt

245 1225 435 1286 facultatibus
451 1231 481 1283 ct
496 1224 661 1284 commodis
676 1223 757 1283 nulla
771 1242 806 1283 re
822 1241 985 1301 egeremus

332 1309 493 1386 Longiores
508 1308 644 1368 hocloco
660 1325 765 1368 sumus
781 1324 871 1386 quam
886 1325 1010 1368 necesse
1025 1315 1081 1368 est.
1098 1307 1174 1379 Quis
1183 1315 1230 1368 est
1237 1309 1309 1368 enim

193 1396 224 1446 16
243 1395 292 1456 cui
308 1411 370 1454 non
386 1393 544 1472 perspicua
560 1393 620 1453 sint
634 1393 692 1465 illa,
705 1392 922 1471 quaepluribus
936 1391 1034 1453 verbis
1050 1411 1066 1451 a
1082 1392 1227 1454 Panaetio
1235 1411 1308 1454 com·

242 1485 461 1549 memorantur,
478 1476 632 1538 neminem
648 1497 748 1557 neque
764 1477 871 1539 ducem
886 1476 965 1537 bello
981 1496 1037 1538 nec
1051 1476 1222 1556 principem
1238 1479 1308 1538 domi

242 1581 367 1640 magnas
382 1581 430 1622 res
446 1570 476 1622 ct
491 1562 638 1623 salutares
655 1563 721 1622 siue
735 1563 893 1623 hominum
914 1562 1019 1622 studiis
1041 1579 1146 1639 gerere
1161 1559 1310 1640 potuisset
1325 1581 1343 1629 ιι

242 1648 503 1708 Commemoratur
518 1646 555 1706 ah
571 1666 606 1708 co
621 1647 847 1717 Themistocles,
878 1647 1016 1718 Periclea,
1033 1646 1136 1725 Cyrus,
1152 1649 1307 1725 Agesilaus,

241 1733 419 1808 Alexander,
436 1751 511 1811 quos
526 1740 615 1810 negat
631 1733 696 1793 sine
712 1732 873 1792 adiument'
897 1732 1055 1792 hominum
1067 1739 1169 1792 tantas
1184 1751 1234 1794 res
1250 1733 1307 1793 efli-

243 1837 309 1878 cere
323 1817 466 1896 potuisse.
491 1816 591 1877 Utitur
605 1817 637 1877 in
652 1837 685 1878 re
701 1835 763 1878 nou
779 1817 850 1878 dubi
898 1816 1011 1877 estibus
1027 1834 1089 1876 non
1106 1818 1289 1878 necessariis.

326 1902 421 1981 Atque
437 1910 470 1962 ut
485 1921 608 1979 magnas
623 1902 766 1962 utilitates
779 1901 971 1980 adipiscimur
985 1901 1207 1980 conspiratione
1217 1902 1307 1962 homi-

239 2005 315 2048 num
331 1995 420 2067 atque
436 2005 597 2058 consensu,
613 1987 655 2046 sic
668 1987 749 2047 nulla
764 1994 826 2047 tam
841 1985 1025 2046 detestabilis
1040 1987 1134 2065 pestis
1150 1995 1206 2055 est,
1237 2006 1305 2066 quae
1323 2011 1344 2059 p,

239 2073 427 2134 uonhomini
442 2071 608 2131 abhomine
624 2079 771 2132 nascatur.
794 2072 849 2132 Est
863 2071 1033 2132 Dicaearchi
1050 2071 1125 2132 liber
1141 2072 1179 2132 de
1194 2073 1308 2133 interitu
1342 2063 1346 2072 ’

281 2201 286 2229 1

275 2243 300 2293 2.
321 2242 452 2304 Quianam
463 2244 553 2306 aegris
566 2244 751 2304 subueniretur,

240 2312 265 2361 d.
279 2311 296 2360 i.
310 2325 374 2374 quac
385 2313 460 2360 'esset
480 2325 526 2360 ars
546 2310 668 2361 medendi.
704 2312 752 2360 Die

239 2379 315 2429 lldss.
326 2378 408 2428 habco
426 2378 500 2428 meist
517 2381 562 2443 qui
575 2410 587 2418 -
601 2381 752 2430 subueniret.

240 2446 339 2497 cher
357 2449 413 2512 grato
435 2447 499 2496 noch
520 2447 582 2511 quid
598 2449 752 2510 subueniret,

239 2516 290 2566 wie
300 2515 456 2565 diemeisten
466 2515 643 2578 Herausgeber
654 2516 751 2565 schrei-

238 2584 297 2646 bcn,
318 2585 355 2632 ist
367 2584 484 2648 possead,
503 2583 568 2632 deun
580 2599 608 2633 es
620 2584 687 2632 wird
700 2598 752 2633 we-

241 2652 287 2702 der
301 2651 365 2700 nach
378 2651 423 2699 der
435 2649 532 2699 Person
545 2652 609 2700 noch
621 2652 684 2700 nacla
696 2652 752 2700 dem

240 2719 327 2770 Mittel
351 2715 460 2780 gelragh
485 2717 595 2767 sondern
619 2720 683 2768 nach
707 2720 753 2768 dor

240 2785 330 2836 Weise
343 2787 389 2834 der
402 2783 569 2845 Miigliclrkeit
580 2803 612 2834 zu
624 2787 717 2837 hellen.

276 2855 299 2902 5.
317 2855 418 2901 rictuet
428 2849 663 2903 cultuhestiarum:
677 2854 753 2904 eben-

241 2935 269 2969 so
283 2920 349 2969 wird
366 2934 431 2968 usus
446 2921 471 2968 et
488 2919 571 2969 cultus
585 2921 672 2985 hiiullg
691 2937 752 2972 ver-

240 2987 349 3036 bunden.
368 2986 453 3038 Ueber
463 2986 509 3036 den
519 2987 687 3039 Untersohied
700 3007 751 3039 von

239 3058 322 3120 uictus
333 3055 384 3104 und
396 3053 479 3106 cultus
500 3071 520 3106 s.
534 3072 556 3104 a.
569 3055 607 3121 Ιξ
622 3058 677 3108 106.
703 3057 751 3108 Da·

241 3125 303 3173 uach
330 3123 396 3174 kann
418 3123 502 3174 cultus
524 3125 558 3173 im
580 3126 750 3190 eigcntlichea

239 3191 317 3242 Sinna
328 3192 399 3240 nicht
408 3190 573 3242 vonTlriereu
581 3201 671 3256 gesagt
681 3209 749 3243 wer-

238 3259 299 3322 den;
328 3260 385 3309 hier
403 3260 492 3309 wurde
504 3260 590 3310 indess
604 3262 657 3311 Cic.
671 3262 756 3311 durch*

238 3329 286 3379 dou
299 3328 437 3390 Vergleiclr
451 3327 533 3377 selbst
544 3330 698 3390 vernulasst,
721 3345 749 3378 es

238 3395 284 3446 aul
294 3396 336 3446 dic
348 3395 443 3446 'l'lriere
460 3411 491 3444 zu
511 3396 678 3458 iibertragen,
698 3401 749 3446 und

238 3465 316 3515 denlrt
338 3464 411 3514 dabci
429 3479 461 3512 un
479 3463 520 3513 dio
532 3465 623 3526 iibrige
636 3465 749 3515 Lebens-

238 3533 328 3594 weiss,
347 3531 485 3595 Wohnung
496 3533 546 3582 und
559 3531 749 3583 Zusammenle·

237 3598 286 3650 heu
299 3600 441 3649 derselheu.

274 3669 298 3716 l.
320 3683 355 3717 ea*
366 3683 425 3732 quo,
440 3669 463 3717 d.
474 3667 492 3716 i.
505 3667 533 3716 in
545 3666 625 3731 Folge
639 3668 686 3716 der
694 3665 750 3716 Aa·

238 3733 297 3797 lage
307 3749 357 3783 von
370 3734 485 3785 Stiidteo.

274 3801 298 3850 8.
321 3805 386 3852 iuris
400 3817 480 3867 aoqtta
493 3803 632 3870 duomptio,
647 3803 748 3867 gleiche

238 3869 406 3933 Verthcilung
415 3871 461 3919 der
470 3870 588 3935 privator
599 3871 702 3935 Rachle,
713 3872 747 3920 im

807 2241 951 2305 Gcgeasata
964 2257 996 2290 au
1005 2239 1087 2306 legem
1098 2257 1118 2292 s.
1133 2242 1193 2308 z.l§
1206 2243 1247 2294 21.
1260 2244 1308 2292 itt

844 2314 881 2362 10.
894 2307 1029 2360 mutandis
1037 2310 1213 2374 facultatibus
1222 2315 1309 2362 eteoru-

805 2377 902 2428 modis:
927 2393 955 2426 so
976 2377 1056 2427 haben
1079 2379 1121 2428 dic
1141 2381 1230 2429 besten
1243 2380 1309 2429 lldss.

806 2445 989 2495 Schreibtman
1003 2445 1049 2494 mit
1061 2446 1108 2495 den
1122 2448 1234 2498 meisten
1253 2449 1308 2498 ller

794 2515 948 2576 ’ausgebern
971 2513 1174 2576 commodandis,
1195 2531 1224 2564 so
1248 2522 1311 2582 passt

804 2581 938 2631 mutandis
950 2582 1019 2631 nicht
1032 2583 1097 2631 dazu
1108 2583 1149 2632 als
1162 2582 1311 2646 Gegeusatm

806 2664 862 2698 man
880 2649 977 2699 miisste
995 2651 1062 2700 daun
1082 2651 1146 2700 auch
1166 2651 1311 2702 mutuandis

808 2719 951 2768 schreiben.
987 2715 1106 2782 Vgl.1,§
1123 2717 1156 2766 22
1173 2722 1310 2770 mactatione

807 2786 963 2850 officiorum.
981 2789 1133 2836 mutuandis
1138 2789 1201 2852 sac.
1213 2793 1241 2838 et
1252 2803 1311 2838 oom-

806 2853 940 2903 modamh'o
951 2853 1025 2904 citirt
1036 2853 1135 2904 Nonius
1149 2871 1171 2920 p.
1186 2857 1246 2920 275,
1261 2858 1296 2908 15.

843 2922 882 2970 14.
902 2919 972 2970 hollo.
991 2920 1042 2970 Dus
1055 2924 1232 2984 gewiihnlichc
1245 2925 1279 2974 ist
1287 2923 1309 2971 io

806 2989 893 3040 dieser
910 2987 1013 3039 Formcl
1031 2988 1091 3038 belli
1111 2989 1239 3055 docuique,
1257 2993 1311 3041 aber

804 3058 856 3120 vgl.
870 3057 928 3106 Liv.
941 3056 951 3106 l
964 3057 1005 3121 34,
1021 3057 1050 3108 12
1061 3057 1121 3108 hello
1134 3058 1261 3124 domique.
1280 3056 1310 3108 lll

805 3125 846 3182 26,
859 3125 889 3176 21
904 3124 974 3174 dorna*
984 3124 1106 3190 belloque.

809 3224 814 3232 ·
839 3193 880 3243 21.
894 3196 1030 3243 nascatur:
1043 3196 1118 3243 nasci
1128 3195 1154 3243 in
1164 3193 1311 3258 iihertrage·

804 3274 859 3309 uem
872 3261 950 3310 Sinna
966 3261 1016 3310 wie
1033 3262 1064 3311 do
1081 3268 1133 3312 nat.
1151 3263 1221 3312 deor.
1242 3261 1261 3312 ll
1274 3262 1311 3322 23,

804 3328 837 3377 60
850 3325 920 3392 illud,
932 3327 999 3394 quod
1010 3333 1066 3379 erut
1078 3345 1095 3378 a
1104 3329 1148 3379 deo
1157 3333 1259 3395 natum,
1271 3345 1311 3378 uo-

802 3399 871 3444 mtne
883 3399 965 3462 ipsios
976 3396 1019 3446 dei
1029 3399 1221 3466 nuncupabant.

836 3463 1009 3514 Dicaearchus
1020 3480 1071 3514 von
1083 3465 1218 3528 Messana,
1237 3465 1312 3516 Schri-

804 3531 843 3581 ler
868 3533 912 3582 des
935 3532 1105 3596 Aristoteles,
1133 3536 1235 3585 erwarb
1262 3535 1312 3584 sich

803 3599 881 3649 thcils
911 3600 990 3650 durclr
1017 3603 1312 3667 geographisclr·histo

802 3667 898 3730 rische,
915 3669 994 3718 theils
1009 3671 1094 3719 'durch
1110 3669 1312 3736 philosophische

803 3735 932 3786 Schriften
942 3751 1050 3800 grossen
1060 3735 1149 3800 hulam,
1162 3738 1312 3803 obgleicher

803 3803 858 3853 dem
869 3804 971 3871 System
981 3804 1027 3854 des
1036 3803 1197 3856 Aristoteles
1207 3808 1277 3856 nicht
1288 3807 1310 3854 io

803 3871 885 3921 Allem
898 3871 995 3936 gclolgt
1008 3889 1039 3921 zu
1052 3874 1105 3922 sein
1120 3875 1230 3925 scheiot.
1266 3873 1312 3925 Un-
