2768 4506
206 250 245 314 78
484 249 527 300 DE
541 245 751 300 millensima.
764 247 782 300 Ι.
811 247 883 299 cat).
896 249 939 299 24.
953 247 995 298 25.

205 423 294 486 quam
309 404 344 464 ad
360 403 530 464 eommunia
545 401 747 482 dimicareque
771 402 903 483 paratius
932 403 969 463 de
989 403 1106 464 honore
1136 411 1168 463 et
1185 403 1275 483 gloria

205 508 295 571 quam
312 489 348 550 de
363 487 470 548 ostona
485 488 660 548 commodis.

151 587 185 638 84
287 573 408 636 Inventi
433 579 534 634 autem
563 572 745 645 multisunt,
776 571 827 650 qui
847 590 909 632 non
925 571 1015 633 modo
1030 572 1202 652 pecuniam,
1225 575 1274 635 sed

204 660 293 721 etiam
305 658 396 720 vitam
411 657 595 736 profundere
610 675 665 736 pro
685 657 779 736 patria
800 657 893 736 parati
922 665 1033 729 essent,
1063 657 1145 718 idem
1168 659 1276 738 gloriae

203 746 346 806 lectonam
362 761 401 804 ne
416 743 570 804 minimam
586 742 707 822 quidem
722 742 820 804 faeere
835 741 952 813 vellent,
968 759 1007 804 ne
1022 761 1054 803 re
1069 743 1187 822 publiea
1210 744 1275 824 qui·
1296 755 1311 802 5
1372 751 1373 764 *

204 831 272 891 dem
288 828 467 908 postulante,
482 827 727 901 utCallioratidas,
743 827 804 906 qui,
821 844 890 887 oum
897 827 1205 888 Lacedaemoniorum
1218 829 1276 890 dur

204 914 311 976 luisset
325 913 576 992 Peloponnesiaco
591 912 669 974 bello
684 913 836 991 multaque
850 912 969 973 lecisset
985 913 1113 992 egregie,
1135 915 1227 974 vertit
1242 915 1277 975 ad

205 1008 371 1062 extremum
387 998 498 1071 omnia,
530 1015 599 1059 eum
621 997 745 1059 oonsilio
761 1015 823 1057 non
839 997 938 1076 paruit
953 1017 1067 1071 eonrm,
1084 997 1136 1078 qui
1151 999 1276 1059 classem

204 1085 240 1146 ab
255 1083 407 1164 Arginusis
422 1083 632 1144 removendam
648 1099 705 1144 neo
730 1101 797 1142 eum
818 1082 1051 1144 Atheniensibus
1074 1081 1277 1144 dimicandum

204 1170 357 1249 putabant.
373 1167 488 1243 Quibus
502 1167 551 1229 ille
566 1167 721 1247 respondit
731 1166 983 1229 Lacedaemonios
998 1168 1089 1229 elassa
1104 1167 1154 1228 illa
1169 1169 1278 1230 amissa
1299 1177 1328 1229 ιο
1373 1213 1374 1244 p

204 1255 290 1317 aliam
305 1273 409 1334 parare
423 1272 521 1333 posse,
538 1272 569 1313 se
584 1253 686 1332 fugere
700 1252 767 1313 sine
783 1271 838 1313 suo
854 1253 999 1314 dedecore
1015 1270 1077 1314 non
1092 1272 1192 1333 posse.
1225 1254 1278 1314 ilt—
1373 1255 1374 1258 ’

204 1359 262 1419 que
277 1341 349 1402 baec
363 1339 483 1417 quidem
500 1337 741 1398 Lacedaemoniis
761 1338 845 1416 plaga
861 1337 1025 1418 mediocris,
1054 1337 1103 1398 illa
1124 1339 1277 1417 pestilera,

204 1445 272 1504 qua,
287 1443 355 1486 eum
362 1421 568 1484 Cleombrotus
582 1422 724 1484 invidiam
739 1422 849 1484 timens
863 1431 977 1483 temere
991 1442 1060 1485 eum
1067 1421 1279 1502 Epaminonda

205 1509 394 1578 conflixisset,
400 1507 707 1570 Lacedaemoniorum
718 1526 792 1588 opes
802 1516 990 1569 sonuerunt.
1005 1510 1124 1582 Quanto
1133 1508 1168 1580 Q.
1182 1509 1278 1571 Maxi-

205 1613 272 1654 mus
288 1589 408 1654 melius!
425 1592 460 1653 de
476 1611 535 1670 quo
550 1591 684 1653 Ennius:
1299 1621 1328 1672 15

336 1677 416 1740 linos
431 1676 514 1738 bomo
528 1678 610 1739 nobis
624 1678 786 1740 montesio
801 1681 925 1739 restituit
939 1695 1017 1738 rem:
1374 1708 1375 1750 ι

334 1763 399 1824 Non
413 1766 490 1824 enim
503 1781 635 1825 maiores
645 1762 772 1842 ponebat
787 1773 852 1824 onte
867 1763 999 1824 satorem.

334 1849 412 1928 llrpo
424 1859 542 1928 postque
556 1853 701 1928 monteque
715 1851 776 1908 oiri
787 1867 867 1910 aiano
879 1848 975 1928 plotio
989 1847 1087 1908 olorot.

205 1933 290 2006 Quod
305 1952 400 2014 genus
415 1933 558 2013 peccandi
570 1933 724 1994 vitandum
739 1933 881 1994 estetiam
897 1933 928 1994 in
943 1932 1031 1993 rebus
1047 1931 1182 1993 urbanis.
1200 1932 1278 1993 Sunt

206 2019 285 2081 enim
301 2019 352 2098 qui
369 2018 448 2098 quod
465 2018 609 2088 sentiunt,
626 2019 682 2080 etsi
698 2018 844 2097 optimum
862 2026 917 2090 est,
931 2027 1033 2078 tamen
1049 2017 1179 2078 invidiae
1194 2026 1276 2079 metu
1295 2033 1328 2082 ιο

204 2123 268 2166 non
283 2104 393 2166 audent
408 2102 517 2166 dicere.

147 2196 186 2251 ²5
287 2187 419 2250 Omnino
434 2188 485 2267 qui
499 2187 543 2249 rei
554 2187 688 2266 publicae
698 2187 862 2267 praefuturi
878 2195 948 2248 sunt
963 2187 1023 2248 duo
1039 2185 1171 2248 Platonis
1187 2206 1277 2266 prae-

150 2274 183 2324 85
203 2279 286 2353 oepta
301 2280 438 2333 teneant:
454 2291 549 2334 unum
566 2281 599 2334 ut
609 2273 771 2333 utilitatem
784 2273 891 2334 oirium
908 2271 1108 2344 siotueantur‚
1123 2279 1167 2344 ut,
1184 2291 1276 2352 quaa-

203 2413 255 2462 ud
271 2409 396 2461 endera'
382 2423 489 2460 austere
506 2409 588 2461 Giiter
605 2427 637 2460 zu
653 2425 712 2462 ver·
765 2423 818 2459 uon
829 2409 945 2474 iotario
954 2409 1061 2474 subiet

202 2476 711 2543 steben,daaLebeam1terngereebnet
802 2476 841 2529 13.
870 2476 1050 2528 aeonabrotus.
1074 2472 1275 2541 NaebXenopla

201 2548 288 2600 Dureb
303 2549 399 2597 inuenti
416 2551 504 2596 autem
525 2548 610 2597 erbalt
627 2548 713 2596 dieser
766 2545 865 2596 llellea.
884 2543 955 2607 Vll,
968 2546 983 2594 5
1002 2542 1130 2594 fdrehtete
1149 2559 1178 2593 er
1194 2544 1275 2596 tbeila

203 2617 276 2678 Satn,
297 2617 344 2666 dar
359 2615 423 2664 doeh
441 2616 488 2664 dan
506 2613 586 2664 llulam
603 2613 712 2664 diaden
766 2614 839 2664 einen
850 2613 989 2676 Verglereb
998 2612 1044 2662 mrt
1053 2611 1202 2676 Agesilaus
1216 2613 1277 2662 wel·
1376 2615 1377 2618 ’

203 2655 362 2746 wiirdigsten
370 2681 531 2745 Gegenstand
541 2680 712 2748 desliampiea
767 2681 828 2732 eber
839 2681 887 2731 den
900 2680 1117 2732 Laeediimoniern
1130 2680 1210 2730 sebon
1222 2679 1276 2730 viel

203 2753 311 2812 arilia,
324 2750 380 2800 aine
394 2749 612 2811 Einsebriinkung.
765 2750 836 2800 mehr
845 2749 950 2813 geniitzt
958 2748 1029 2799 batte
1038 2748 1079 2798 als
1089 2761 1127 2811 er,
1139 2748 1220 2798 theils
1230 2749 1275 2798 den

237 2821 262 2869 4.
300 2816 382 2867 ideam
404 2819 469 2867 aueb
490 2818 547 2867 bier
569 2817 648 2868 sollte
667 2820 712 2868 der
768 2817 898 2868 Verdaebt
923 2819 993 2867 eines
1016 2816 1277 2866 llinvaratiindnisses

203 2893 273 2938 erste
289 2887 351 2937 soz
369 2885 528 2936 subordinirt
546 2886 615 2947 sein,
633 2901 655 2936 ι.
668 2885 714 2936 nl
768 2885 816 2935 mit
833 2887 882 2934 den
893 2885 1052 2946 'l'bebanera,
1070 2885 1117 2934 der
1134 2884 1178 2933 ibn
1197 2885 1275 2934 sebon

203 2955 220 3020 ᾖ
233 2955 257 3007 3.
270 2956 310 3005 51.
766 2952 856 3004 lriiber
867 2953 990 3017 getrollen
1002 2953 1082 3003 batte.

238 3023 262 3072 6.
295 3020 473 3072 Cadiorotidae
486 3020 601 3085 besiegte
615 3020 656 3071 01.
669 3021 713 3085 93,
803 3024 843 3073 15.
856 3019 1277 3084 aneiue,indendnnalen,wal1r·

204 3088 482 3154 lildblliononbeibli
515 3089 581 3155 leue,
593 3090 711 3142 eroberte
766 3088 906 3140 aeheioliab
919 3089 974 3140 dem
987 3091 1011 3139 9.
1024 3089 1115 3139 lluabe.

203 3158 300 3210 Lesbos
318 3160 368 3209 und
386 3158 481 3209 andere
509 3158 597 3223 aseln,
622 3160 711 3210 warde
803 3158 841 3208 17.
866 3160 949 3219 onim,
966 3174 988 3207 a.
1006 3156 1023 3222 ξ
1039 3158 1080 3208 61.
1101 3155 1212 3224 ponebat
1229 3156 1276 3206 mit

204 3227 266 3277 aber
278 3227 320 3277 bei
337 3228 386 3278 den
398 3227 545 3289 Arginussas
556 3229 709 3292 gesehlagen
764 3227 854 3288 longer
866 3227 1012 3292 llndsylbe,
1030 3225 1080 3275 aie
1097 3225 1124 3274 in
1142 3224 1189 3274 der
1207 3224 1277 3274 alten

204 3295 343 3346 undfielin
356 3295 549 3346 derSeblaobt·
542 3296 613 3358 ,κεί
624 3295 710 3361 5109.
765 3293 1079 3358 Latinitdtregelm'aissig.
1171 3311 1183 3329 ·

204 3364 257 3414 Deo
281 3363 416 3427 folgenden
439 3331 589 3428 Anssprbob
611 3365 713 3414 arziiblt
802 3361 841 3414 18.
859 3364 1109 3429 postquemagabpoe
1119 3362 1277 3410 υἰνίαααα-

204 3433 296 3483 anders
313 3432 455 3499 Xenophon
473 3432 570 3482 Hellen.
606 3430 659 3513 16,
678 3431 712 3480 32
767 3431 858 3481 eierat:
887 3430 937 3480 aie
959 3431 1000 3480 dia
1019 3430 1100 3480 Sueba
1121 3428 1189 3490 jatzt
1207 3428 1277 3479 steht

203 3499 420 3583 Καλλικρατίδας
449 3498 480 3550 dl
503 3496 599 3580 εἶπεν,
629 3494 712 3564 daea}
767 3499 867 3562 (noae)
885 3498 972 3562 gl'aozt
990 3513 1046 3549 sein
1059 3497 1177 3560 RubmJe
1189 3497 1278 3562 epuler

204 3564 329 3649 {nomm
334 3566 413 3620 οὐδὲν
424 3563 464 3646 μὴ
475 3583 574 3618 noxiosi
590 3536 714 3618 distairai
768 3567 842 3616 desto
855 3568 933 3616 roebr.

204 3629 287 3684 αὐτοῦ
313 3631 518 3700 ἀποθανόντος,
545 3629 658 3702 φεύγειν
685 3633 714 3688 dl
802 3633 843 3684 21.
867 3649 917 3684 non
933 3633 1041 3685 audeat:
1060 3632 1113 3684 Cio
1133 3631 1277 3683 sebeintan

205 3697 358 3769 αἰσχρὸν
334 3719 404 3755 ειναι
416 3701 477 3770 ἔφη.
768 3701 913 3753 bestimmte
925 3701 1054 3752 Personen
1066 3700 1176 3765 gedeeht
1188 3715 1220 3748 zu
1233 3701 1278 3750 ba·

240 3770 263 3818 l.
280 3771 398 3836 suisset,
420 3773 499 3820 sebon
518 3771 559 3822 bis
577 3770 653 3822 dabie
673 3771 713 3820 als
767 3767 1248 3834 ben‚daberderlodreat1va.§43.

205 3837 305 3887 Fuhrer
314 3836 474 3900 nulgatreten
484 3849 551 3889 wer
566 3837 624 3888 Man
635 3838 713 3889 sollte
801 3807 842 3888 2'3.
855 3854 948 3889 umam:
959 3837 1041 3888 Plato.
1052 3837 1082 3886 de
1093 3834 1277 3901 replp.3421l

207 3910 426 3970 erwarteneaset,
445 3905 507 3958 abar
526 3907 607 3968 verssl.
627 3905 712 3971 §116
768 3900 855 3962 ουδεὶς
883 3905 913 3959 ἐν
943 3901 1062 3974 οὐδεμιᾷ
1093 3903 1176 3973 ἀρχῇ,
1206 3897 1274 3955 καθ

202 4202 906 4476 urso
