2800 4506
374 231 417 282 DE
438 229 575 284 OFFICllS
594 231 655 284 LlB.
667 231 708 284 ΙΙΙ.
744 231 816 285 CAP.
830 235 872 286 21.
884 235 925 286 22.
1121 241 1183 302 225

108 401 216 447 censes
231 385 382 460 habuisse,
399 407 476 468 quae
491 386 638 450 vulnerat
654 387 746 450 Cuius
761 398 862 451 autem
878 391 936 452 vita
947 391 1003 472 ipsi
1015 401 1115 471 potest
1125 393 1184 454 uti·

108 471 145 531 lis
163 489 241 545 csse,
254 490 322 534 cum
339 473 405 535 eius
420 474 497 535 vitae
512 493 546 535 ca
560 473 697 536 condicio
713 473 766 545 sit,
781 483 815 536 ut
831 476 882 558 qui
897 477 978 537 illam
994 477 1138 556 eripuerit
1153 479 1184 539 in

107 556 238 618 maxima
253 565 283 618 ct
298 559 392 637 gratia
406 559 526 622 futurus
541 559 581 620 sit
595 567 625 620 et
639 556 756 637 gloria?
778 559 864 631 Quod
882 562 907 622 si
922 562 996 623 haec
1018 563 1100 625 utilia
1123 581 1184 625 non

108 649 191 714 sumt,
208 661 285 722 quac
300 644 427 706 maxime
443 645 589 716 videntur,
606 645 676 724 quia
690 646 779 725 plena
790 654 863 708 sunt
878 648 1032 709 dedecoris
1045 667 1079 709 ac
1089 649 1186 728 turpi-

69 739 85 786 5
106 727 233 799 tudinis,
251 729 322 790 satis
338 747 515 808 persuasum
530 748 596 790 csse
612 730 701 792 dehet
723 731 798 792 nihil
819 749 885 792 csse
907 733 994 806 utile,
1018 734 1099 813 quod
1122 751 1182 794 non

110 814 276 876 honestum
291 813 339 875 sit.
1035 857 1039 864 -

193 900 381 980 Quamquam
403 899 433 960 id
454 898 574 979 quidem
598 918 666 961 cum
682 918 771 979 saepe
787 901 859 962 alias
873 910 939 963 tum
954 901 1058 981 Pyrrhi
1073 903 1150 964 bello
1166 923 1181 964 a
1196 911 1237 964 ze

107 984 140 1044 C.
160 983 296 1045 Fabricio
320 979 441 1046 consula
463 985 573 1046 iterum
596 992 626 1045 ct
646 1003 663 1044 a
686 995 791 1046 senatu
814 995 919 1048 nostro
939 987 1102 1049 iudicatum
1127 996 1181 1049 cst.
1200 987 1232 1038 86

107 1069 185 1130 (lum
200 1069 282 1131 enim
296 1087 349 1132 rex
365 1070 496 1150 Pyrrhus
511 1071 621 1150 populo
636 1069 773 1131 Romano
788 1071 899 1132 bollum
921 1074 1001 1134 ultro
1020 1073 1180 1146 intulisset,

51 1164 84 1214 10
107 1172 239 1234 cumque
252 1157 288 1216 de
299 1156 427 1234 imperio
439 1163 591 1217 certamen
603 1163 682 1218 esset
694 1175 762 1216 cum
773 1175 842 1236 rege
854 1173 999 1236 generoso
1012 1177 1046 1219 ec
1053 1159 1179 1237 potenti,

107 1239 234 1319 perfuga
249 1240 288 1301 ab
299 1259 334 1301 eo
347 1241 428 1302 veuit
438 1241 470 1300 in
481 1250 576 1302 castra
588 1240 714 1302 Fabricii
727 1242 813 1321 cique
826 1251 872 1304 est
882 1242 1040 1322 pollicitus,
1057 1244 1083 1303 si
1094 1261 1182 1322 prae-

107 1325 204 1386 mium
220 1325 278 1386 sibi
294 1325 511 1406 proposuisset,
527 1345 568 1398 sc,
584 1333 617 1387 ut
633 1326 709 1388 clam
725 1328 865 1399 venisset,
881 1327 924 1388 sic
939 1328 1014 1389 clam
1029 1329 1061 1388 in
1077 1329 1182 1406 Pyrrhi

108 1418 207 1472 caetra
222 1411 390 1472 rediturum
406 1419 437 1472 ct
448 1429 517 1473 cum
530 1429 646 1472 veneno
658 1419 859 1474 necaturum·
870 1411 958 1474 lluuc
968 1412 1120 1474 Fabricius
1132 1431 1181 1474 re·

108 1496 280 1557 ducendum
297 1497 410 1558 curavit
425 1497 462 1557 ad
474 1497 623 1576 Pyrrhum
638 1497 727 1576 idque
740 1499 805 1560 eius
817 1499 928 1560 lactum
941 1498 1092 1560 laudatum
1106 1517 1122 1559 a
1134 1517 1182 1558 sc·

52 1594 84 1644 15
105 1588 183 1647 notu
204 1590 257 1642 est.
292 1581 382 1662 Atqui
405 1583 431 1642 si
453 1583 583 1662 speciem
599 1582 736 1643 utilitatis
751 1584 986 1663 opinionumque
1001 1583 1181 1663 quaerimus,

106 1666 251 1744 maguum
264 1666 336 1728 illud
348 1668 459 1728 bellum
472 1671 594 1746 pcrlhga
607 1684 686 1728 unus
699 1676 728 1728 et
740 1686 859 1746 gravem
872 1669 1074 1730 adversarium
1086 1669 1181 1747 impe*

105 1751 143 1812 rii
159 1747 344 1823 sustulisset,
362 1753 414 1814 sed
430 1769 571 1832 magnum
587 1753 712 1814 dedecus
728 1760 759 1815 ct
770 1753 929 1832 flagitium,
951 1753 1072 1832 quicum
1087 1753 1181 1815 laudis

84 1844 260 1900 -certameu
272 1837 389 1912 fuisset,
403 1856 473 1900 eum
485 1856 547 1898 nou
559 1838 679 1911 virtute,
692 1839 744 1899 sed
753 1839 864 1900 scelere
873 1846 1058 1916 superatum.
1075 1839 1180 1900 Utrum
1200 1847 1231 1897 87

105 1921 199 2001 igitur
215 1923 318 1984 utilius
334 1925 378 1984 vel
394 1923 545 1996 Fabricio,
569 1923 620 2003 qui
635 1923 700 1984 talis
715 1923 748 1983 iu
764 1925 819 1984 hac
834 1922 908 1984 urhe
927 1923 1021 2002 qualis
1037 1923 1181 1984 Aristides

51 2021 85 2070 20
105 2007 232 2069 Athenis
246 2009 317 2079 luit,
341 2010 388 2070 vel
403 2009 521 2070 senatui
536 2018 656 2082 nostro,
678 2009 729 2090 qui
745 2027 911 2087 numquam
928 2008 1088 2070 utilitatem
1103 2027 1118 2067 a
1135 2008 1182 2068 di-

105 2093 220 2172 g'nitate
236 2093 376 2167 seiunxit,
393 2095 481 2155 armis
497 2113 566 2155 cum
581 2095 667 2155 hoste
679 2103 792 2156 certare
808 2113 845 2154 an
856 2091 1003 2155 venenis?
1027 2093 1058 2154 Si
1070 2093 1181 2172 gloriae

106 2197 194 2240 causa
211 2179 371 2259 imperium
387 2181 592 2259 expetundum
608 2187 662 2250 est,
679 2181 776 2241 scelus
792 2179 876 2252 absit,
893 2179 925 2241 in
937 2197 996 2259 quo
1009 2195 1070 2241 uon
1082 2186 1181 2258 potest

106 2283 172 2326 esse
188 2265 293 2344 gloria:
310 2265 357 2327 sin
371 2265 454 2345 ipsae
471 2284 543 2344 opes
559 2273 741 2344 expetuntur
756 2284 878 2345 quoquo
894 2265 998 2338 modo,
1015 2280 1078 2326 non
1094 2271 1179 2343 pote-

145 2425 165 2472 1.
197 2419 511 2486 commonitoque:
531 2419 619 2470 Phihl
674 2421 721 2470 den
734 2418 775 2468 die
788 2419 930 2469 rtimischen
948 2418 1060 2469 Consule
1077 2418 1181 2469 deshalb

108 2491 147 2553 14,
168 2488 200 2538 35
220 2491 245 2537 ιι·
259 2491 327 2538 enim
344 2490 433 2538 actm
453 2488 479 2538 O.
499 2488 619 2539 Caesaris
674 2502 705 2538 au
718 2487 833 2553 Pyrrhus
850 2487 1019 2550 geschrieben
1035 2487 1116 2536 haben
1129 2487 1181 2536 sol-

103 2557 216 2624 osficm
232 2571 283 2606 uon
297 2560 379 2622 potest
400 2560 429 2606 ut
447 2557 523 2607 mulie
541 2569 618 2607 curos
673 2554 724 2618 leo,
738 2555 804 2605 wird
818 2553 1054 2605 derllauuNicias
1072 2555 1122 2604 und
1140 2553 1181 2604 ein

105 2641 162 2677 osee
179 2639 256 2690 quom
272 2627 368 2687 motui,
383 2623 448 2674 nihil
466 2627 619 2690 cuiusquam
672 2624 828 2675 Vertrauter
852 2623 896 2673 des
916 2621 1030 2690 Pyrrhus
1056 2629 1181 2686 gononum

102 2694 227 2763 proficiet
243 2709 288 2744 nec
304 2693 399 2743 calebit
417 2697 508 2744 oratio.
541 2694 620 2758 Quem
672 2691 714 2742 hei
727 2692 845 2745 Valerius
858 2691 950 2742 Antias
968 2691 1036 2741 hiess
1055 2706 1083 2741 er
1095 2689 1181 2740 Timo-

105 2765 152 2829 qut'
172 2763 274 2812 hemum
287 2763 379 2828 fuisse
397 2765 504 2828 putarat,
529 2763 621 2812 miseri
673 2761 762 2812 chores
792 2775 838 2810 aus
873 2759 1026 2819 Ambraciu3
1061 2759 1179 2809 wiihrcud

105 2834 159 2898 ipsi
169 2835 237 2881 aaut.
265 2829 362 2880 Beatus
378 2833 417 2879 eat
428 2845 510 2892 omno,
528 2833 574 2895 qui
588 2845 619 2878 aa
673 2829 743 2880 Cass.
762 2829 809 2879 Dio
827 2827 858 2879 ir.
878 2829 924 2890 lo,
945 2829 979 2878 44
998 2828 1096 2878 hohhur
1111 2819 1181 2896 ἀνήρ

105 2899 162 2966 lege
173 2901 244 2962 ve‘arit,
263 2903 292 2948 ot
303 2913 354 2948 ooo
370 2897 443 2948 modo
459 2901 565 2965 impunc
576 2897 621 2948 sed
674 2914 713 2954 τις
734 2899 788 2950 τῶν
811 2899 875 2968 περὶ
896 2895 946 2963 τὴν
962 2899 1117 2966 θεραπείαν
1133 2897 1181 2945 τοῦ

106 2971 187 3018 mium
218 2981 275 3016 cum
310 2981 414 3016 sumata
446 2967 619 3032 interfectoris
673 2967 806 3030 βασιλέως
818 2973 884 3029 sugt.

102 3035 412 3103 glorouinterficipuaait.
643 3045 661 3085 x
711 3034 750 3083 15.
779 3036 930 3100 apamienam,
951 3033 992 3082 die
1005 3031 1181 3094 llleiuuugder

142 3105 166 3155 l.
197 3103 356 3169 Quamquam
375 3102 410 3167 id,
431 3103 495 3152 doch
509 3101 620 3153 duriiher
673 3101 763 3164 Meugc
781 3101 814 3150 im
828 3100 1139 3163 Gcgensatzzuoera'tus3
1160 3117 1180 3150 s.

104 3173 173 3224 kann
201 3173 340 3236 eigeutlich
363 3171 421 3221 kein
448 3171 531 3221 Struit
554 3170 618 3234 seio,
673 3171 733 3236 §11
747 3186 771 3222 ιι.
785 3168 948 3233 Stratocles?
958 3170 1108 3235 opinimtem.

105 3243 172 3292 dena
191 3256 216 3290 u.
234 3257 254 3291 s.
272 3257 318 3304 w.;
345 3240 398 3303 vgl.
417 3237 439 3289 Il
457 3238 473 3304 ᾖ
491 3239 525 3289 74
541 3253 620 3304 ecqua
709 3239 748 3290 19.
778 3240 823 3302 qui
837 3235 1085 3303 tolia-suitaweil
1107 3233 1180 3284 bcide

105 3314 204 3361 tomen.
673 3307 753 3357 allelu
767 3306 815 3354 deu
826 3305 962 3355 Beluamen
975 3299 1031 3353 ‘der
1044 3297 1178 3353 Gerechto'

100 3403 104 3414 ·
141 3376 309 3445 suspectior:
322 3375 426 3440 z.§47.
671 3376 768 3425 hatten.
841 3397 851 3406 -

141 3445 165 3496 9.
191 3445 255 3496 Cum
272 3447 339 3495 enim
359 3459 421 3494 rem:
442 3443 556 3494 dieselhc
569 3442 618 3492 Er-
707 3443 747 3492 20.
762 3455 904 3506 numquam
913 3439 1051 3490 utilitatem
1060 3445 1109 3488 cet.
1119 3436 1180 3486 Dies

105 3514 218 3575 z‘tihluug
235 3511 328 3578 l§40.
671 3512 737 3561 kauri
756 3525 803 3560 cur
822 3508 868 3558 der
884 3509 1040 3572 behaupteu‚
1057 3520 1112 3556 wer
1130 3507 1180 3554 wie

142 3583 182 3634 10.
219 3580 250 3631 de
266 3583 387 3649 imprimo:
409 3578 418 3630 1
436 3579 453 3643 ᾗ
472 3579 505 3630 38
524 3579 570 3629 aad
586 3595 616 3629 ec
671 3578 762 3630 Cicero
776 3577 869 3627 ebenso
882 3576 967 3626 bereit
979 3576 1023 3638 ist,
1041 3575 1086 3624 das
1099 3572 1180 3622 luter·

103 3651 179 3712 halla,
192 3651 284 3715 quihus
300 3650 404 3716 imperii
416 3651 550 3714 proposita
557 3646 616 3713 glo·
671 3663 728 3698 esse
738 3645 994 3703 fremuerNutiooen,
1008 3643 1055 3694 wic
1068 3642 1113 3692 der
1126 3641 1181 3692 ein-

102 3722 204 3782 rt'aeat,
222 3720 310 3768 tainus
321 3717 408 3767 acerbe
417 3715 533 3782 gerendo
546 3719 616 3768 aunt.
670 3717 760 3766 zelueu
789 3714 887 3777 Biirger
921 3719 986 3762 stete
1020 3712 1074 3761 dom
1104 3711 1181 3759 rh'mi-

139 3788 181 3838 11.
216 3788 341 3853 perfuga.
363 3785 406 3835 Boi
426 3783 527 3836 Gellius
539 3783 571 3834 N.
584 3787 615 3834 A.
672 3785 746 3834 acheo
769 3781 986 3833 Stautsiutcresse
1011 3778 1181 3830 unterzuord-

102 3855 135 3906 lll
150 3855 173 3918 8,
188 3855 235 3904 der
248 3869 294 3904 aus
307 3855 363 3904 dem
376 3854 528 3904 Annalistcu
541 3854 617 3904 Clau·
672 3868 728 3903 neu.
753 3851 824 3900 Doch
843 3865 911 3900 muss
924 3849 989 3898 auch
1008 3863 1036 3898 er
1048 3847 1135 3910 gleich
1153 3846 1180 3894 in

103 3927 163 3976 dius
173 3921 359 3988 Quadrigarius
370 3921 499 3972 deuBrics
506 3921 617 3984 apsumi,
673 3921 729 3970 dem
753 3918 901 3982 Fulgendcn
929 3917 973 3968 das
995 3911 1179 3966 uuehreohaltc

159 4007 235 4049 Cicero
251 4005 278 4048 dc
294 4005 378 4049 ciliciis.
400 4010 419 4048 4.
433 4005 490 4050 Auli,
970 4003 1003 4055 15
