2800 4506
214 213 276 275 220
480 212 523 262 llll
537 210 746 264 OFFlCllSLlB.
759 211 799 262 lll.
828 211 899 262 CAP.
916 213 954 263 19.
968 213 1010 264 20.

214 376 243 430 et
257 365 393 428 laudibus
409 365 620 428 contineretur.
650 365 726 428 Huic
741 365 834 445 igitur
847 367 909 428 viro
925 367 1018 440 bono,
1039 386 1128 446 quem
1150 367 1287 428 Fimbria

214 453 313 525 etiam,
326 469 386 512 non
399 451 489 512 modo
503 451 640 513 Socrates
649 460 780 523 noverat,
793 452 875 513 nullo
888 453 978 514 modo
988 452 1080 513 videri
1093 453 1289 532 potestquic-

214 556 302 618 qoam
320 555 386 598 esse
405 537 493 607 utile,
518 539 601 616 quod
621 555 681 597 non
697 537 855 598 honesturn
877 537 924 598 sit.
954 539 1058 616 ltaque
1079 538 1143 599 talis
1166 539 1289 600 vinnon

214 624 303 684 modo
314 625 419 693 facere,
432 622 530 683 sedne
543 621 670 700 cogitare
681 622 800 701 quidem
814 622 971 702 quicquam
985 624 1114 692 audebit,
1128 625 1211 702 quod
1225 643 1288 684 non

215 709 321 770 audeat
346 707 523 787 praedicare.
561 708 640 768 Haec
664 725 726 768 non
747 717 835 786 turpe
863 717 909 769 est
931 709 1066 770 dubitare
1081 709 1290 788 philosophos,
1308 715 1321 762 5

214 812 291 872 quae
306 809 345 853 ne
360 793 464 854 rustici
479 793 598 872 quidem
616 789 775 853 dubitent?
802 811 817 852 a
834 793 941 872 quibus
957 801 1059 854 natum
1077 794 1182 868 estid,
1204 795 1288 874 quod

214 880 273 941 iam
287 879 447 939 contritum
461 886 506 938 est
521 885 677 956 vetustate,
696 877 900 956 proverbium:
918 897 985 939 cum
998 881 1077 940 enirn
1087 879 1178 940 iidem
1192 879 1288 940 alicu-

214 965 262 1025 ius
273 964 497 1042 bonitatemque
508 962 638 1034 laudant,
651 963 784 1042 ‘dignum
797 965 871 1024 esse'
888 963 991 1025 dicunt
1007 964 1137 1043 ‘quicum
1149 966 1180 1026 in
1196 973 1289 1026 tene-

214 1049 276 1110 bris
293 1048 402 1110 mices.'
432 1049 495 1109 Hoc
507 1067 596 1128 quam
612 1048 702 1109 babet
714 1049 773 1108 vim
785 1048 844 1109 nisi
859 1049 947 1121 illam,
965 1050 1038 1110 nibil
1052 1050 1189 1129 expedire
1205 1050 1287 1130 quod

166 1145 196 1194 78
216 1155 277 1196 non
294 1136 405 1205 deceat,
421 1134 509 1194 etiam
526 1135 551 1194 si
566 1134 595 1194 id
606 1134 702 1212 possis
717 1134 800 1194 nullo
811 1134 966 1195 refellente
983 1131 1142 1195 obtinere?
1158 1135 1291 1196 Videsne
1310 1139 1334 1190 ll

215 1221 271 1281 hoc
291 1219 448 1300 proverbio
470 1237 569 1297 neque
591 1219 661 1298 Gygi
685 1219 724 1278 illi
747 1237 836 1297 posse
859 1219 976 1280 veniam
999 1219 1061 1280 dari
1083 1238 1183 1299 neque
1205 1221 1287 1292 huic,

215 1324 305 1386 quem
327 1305 424 1384 paullo
445 1313 512 1365 ante
534 1304 682 1381 fingebam
705 1304 863 1382 digitorum
890 1305 1081 1384 percussione
1107 1306 1288 1368 hereditates

216 1391 349 1453 omnium
367 1407 455 1468 posse
469 1386 667 1450 converrere‘.l
685 1389 722 1450 Ut
738 1391 833 1461 enim,
850 1391 928 1468 quod
941 1400 1029 1469 turpe
1041 1397 1100 1461 est,
1116 1389 1162 1467 id,
1180 1410 1290 1471 quam-

214 1476 259 1536 vis
271 1475 445 1546 occultetur,
460 1482 560 1534 tamen
573 1474 733 1538 honesturn
744 1475 809 1535 lieri
820 1476 901 1535 nullo
915 1476 1003 1536 modo
1014 1484 1122 1556 potest,
1136 1477 1188 1548 sic,
1205 1477 1287 1556 quod

153 1607 155 1612 .
215 1562 377 1622 honestum
436 1567 530 1632 nest,
548 1559 576 1619 id
593 1559 663 1620 utile
680 1568 712 1620 ut
727 1560 766 1620 sit
780 1560 856 1621 ellici
872 1578 933 1620 non
950 1568 1050 1640 potest
1064 1563 1243 1622 adversante
1260 1570 1288 1623 et
1305 1568 1330 1622 15

188 1685 190 1692 -
219 1652 388 1724 repugnant
420 1651 535 1705 natura.

161 1735 202 1790 20
305 1732 343 1790 llt
360 1729 453 1803 enim,
471 1749 539 1791 cum
554 1748 711 1809 permagna
728 1729 860 1808 praemia
876 1738 956 1802 sunt,
974 1739 1019 1790 est
1034 1749 1120 1792 causa
1135 1732 1288 1809 peccandi.

167 1813 199 1862 79
219 1815 250 1877 C.
266 1815 374 1877 Marius
390 1834 456 1877 cum
474 1835 489 1876 a
506 1835 559 1895 spe
579 1817 750 1877 consulatus
767 1816 853 1894 longe
873 1815 991 1876 abesset
1007 1824 1037 1876 et
1050 1816 1108 1877 iam
1125 1817 1288 1896 septimum

218 1919 329 1963 annum
346 1908 414 1980 post
429 1912 597 1980 praeturam
614 1901 724 1962 iaceret
742 1919 840 1980 neque
854 1901 1001 1979 petiturus
1016 1919 1161 1981 umquam
1177 1901 1313 1964 consu-'

216 2053 328 2120 aliquam
348 2071 402 2106 rem
421 2053 551 2120 publicam
567 2055 724 2104 leoeremea.

217 2122 277 2188 1115
294 2124 340 2175 118
353 2123 438 2187 aliquo
451 2122 532 2172 modo.

251 2192 276 2241 2.
295 2207 345 2241 non
357 2189 430 2240 modo
442 2189 571 2240 Socrates:
586 2189 601 2254 ᾖ
616 2189 655 2242 11.

253 2259 277 2308 3.
300 2274 349 2308 non
371 2257 445 2308 modo
455 2258 561 2324 sacer-e:
580 2256 723 2308 recurrendo

217 2325 260 2376 liic
272 2342 322 2376 non
333 2327 406 2376 modo
417 2341 469 2376 aon
486 2327 551 2376 kann
571 2343 619 2376 nur
635 2333 725 2390 gesagt

219 2395 328 2457 werden,
343 2411 416 2458 wcpn
429 2397 493 2446 euch
505 2396 550 2445 der
563 2395 653 2445 zweitc
664 2395 724 2444 Sata

218 2465 322 2528 negutiv
335 2464 378 2528 ist,
390 2465 462 2514 beide
473 2463 548 2514 Siitze
561 2465 601 2514 ein
614 2463 727 2526 gemein-

219 2532 510 2583 schaftliclresPriidicat
518 2533 598 2582 baben
609 2533 658 2580 und
671 2531 725 2582 ‹lie-

218 2615 260 2651 sos
273 2601 315 2651 bei
328 2602 382 2651 dem
393 2601 573 2650 letzteuSatze
586 2601 662 2662 steht,
674 2599 725 2650 wie

218 2669 275 2720 bier
288 2668 398 2718 credebat.
427 2667 495 2717 Doclr
508 2684 527 2718 s.
542 2685 563 2716 z.
578 2669 593 2740 ᾗ
608 2669 663 2719 105.

254 2739 277 2786 5.
298 2737 364 2786 Haec
382 2752 432 2786 nora
450 2739 524 2802 turpe
542 2738 579 2784 eat
597 2742 659 2784 cet:
684 2734 724 2784 die

218 2800 302 2866 Frage
312 2804 402 2852 driickt
412 2803 527 2866 zugleicb
538 2803 725 2854 eineVerwun-

220 2867 726 2935 demugaus‘diessolltenicbtschimpf-

218 2938 270 2988 licb
283 2935 363 2988 seinl‘
386 2940 505 2988 wibrend
523 2954 605 2989 nonne
626 2938 726 2990 einlech

218 3006 539 3070 diessejabnngandeutet.
641 3036 643 3040 ·

253 3075 277 3126 9.
296 3077 397 3127 retbere.
435 3076 486 3127 llas
510 3077 573 3126 nocb
598 3077 674 3127 beute
699 3075 724 3125 in

218 3142 310 3194 ltalien
331 3152 406 3194 unter
423 3144 478 3194 dem
494 3143 589 3196 Numen
607 3145 631 3194 lo
650 3158 725 3194 mora

219 3211 321 3263 iibliche
340 3213 410 3279 Spiel
428 3213 529 3264 bestebt
551 3214 638 3276 dacin,
666 3213 725 3263 dass

219 3281 293 3332 beide
306 3281 441 3346 Spielende
457 3281 575 3346 zugleich
598 3281 653 3331 eine
673 3281 725 3330 An-

220 3350 277 3399 zabl
294 3346 390 3413 Fingar
411 3351 576 3401 ausstreclsen
598 3349 648 3398 und
668 3349 725 3399 eine

219 3418 283 3468 Zahl
307 3416 435 3468 ansrulen.
471 3419 582 3470 Wessen
601 3417 666 3468 Zabl
684 3417 726 3467 dia

219 3486 318 3536 Summe
328 3486 374 3536 der
388 3502 437 3535 von
446 3486 537 3538 beiden
548 3485 725 3549 ausgestreck-

220 3561 264 3604 ten
273 3552 367 3618 Finger
378 3555 453 3618 trin,
467 3555 512 3606 der
523 3557 567 3605 hat
575 3568 724 3618 gewonnen.

779 2052 904 2103 alterutri
914 2050 1100 2104 concederetur.

815 2122 853 2170 10.
885 2119 954 2171 nullo
976 2119 1122 2187 refellente,
1148 2123 1212 2172 ohne
1230 2123 1288 2175 dass

779 2190 822 2240 ibn
831 2189 935 2253 jemend
947 2190 990 2239 des
1005 2189 1131 2241 Unrecbts
1143 2190 1287 2242 iiberliibrt.

778 2257 894 2323 refellere
905 2259 973 2307 steht
993 2259 1056 2307 ohne
1070 2257 1169 2323 Obiect,
1191 2260 1241 2310 wie
1258 2262 1288 2311 de

779 2325 843 2376 or.ll
858 2327 881 2389 2,
893 2326 908 2375 9
920 2327 947 2374 in
959 2340 1007 2391 qno
1021 2323 1093 2376 liceat
1102 2327 1286 2395 rne'lee'fingera,

779 2393 874 2458 siquid
886 2391 969 2457 velim,
986 2391 1081 2444 nullius
1094 2397 1288 2447 memorialem

779 2459 916 2530 refellente.

816 2533 855 2582 11.
879 2527 947 2596 Gygi
956 2528 1006 2580 illi:
1020 2546 1043 2580 c.
1056 2533 1080 2582 9.

816 2601 855 2649 17.
865 2600 903 2648 At
912 2602 990 2648 enim.
999 2599 1079 2650 Unter
1088 2599 1134 2649 der
1141 2599 1291 2662 Form,deru

780 2682 811 2716 zu
833 2667 1010 2717 erwertendcn
1023 2666 1144 2718 llinwnrl
1163 2684 1290 2720 znvorzu·

780 2734 903 2795 hommes,
921 2735 1004 2784 bildet
1023 2735 1078 2785 sich
1090 2736 1142 2786 Cic.
1159 2737 1219 2787 hier
1243 2740 1288 2789 den

779 2802 929 2867 Uebergaug
941 2803 1171 2868 aurbesprechnug
1185 2807 1231 2856 des
1241 2806 1289 2856 fol·

779 2871 876 2934 genden
889 2871 1038 2936 Beispiclas.

816 2940 854 2991 18.
890 2942 1025 3006 septimum
1041 2955 1137 2990 annum
1155 2967 1171 2976 -
1189 2944 1290 2993 eiecerat.

779 3006 805 3057 ln
825 3007 870 3058 der
888 3007 968 3071 chcl
992 3008 1054 3058 licss
1079 3024 1135 3058 man
1159 3010 1289 3062 zwisclren

779 3074 886 3125 Praetur
899 3077 950 3125 und
968 3074 1091 3126 Consulat
1107 3075 1212 3128 aschre
1229 3095 1288 3129 ver-

779 3143 1289 3205 mfflwmfflfflwffl

778 3226 847 3270 wem
867 3229 888 3261 z.
903 3210 923 3261 ll
935 3211 951 3278 §
965 3213 1004 3262 59.
1035 3215 1118 3263 iacere
1133 3213 1170 3263 ist
1187 3215 1289 3265 staben-

781 3279 968 3330 derAusdruck
977 3297 1026 3330 von
1039 3281 1152 3343 solclren,
1165 3281 1207 3333 die
1217 3284 1288 3333 mehr

780 3349 819 3398 als
832 3349 872 3398 die
890 3349 1088 3412 gesatzmiissige
1100 3349 1160 3398 Zeit
1180 3350 1221 3400 bis
1243 3368 1288 3401 zur

780 3415 928 3480 lirlungnng
946 3419 991 3467 des
1004 3418 1093 3468 eichst
1104 3418 1186 3468 bohen
1199 3417 1287 3470 butes

779 3485 955 3536 verstreichen
978 3485 1072 3536 lassen.
1103 3485 1133 3534 ad
1147 3485 1234 3550 Quint.
1254 3486 1286 3538 fr.

779 3550 811 3603 lll
824 3553 848 3614 l,
861 3553 876 3602 3
895 3553 1011 3604 eonsules
1022 3555 1127 3604 cornitla
1138 3555 1232 3605 leadere
1243 3572 1286 3606 cu-

219 3621 267 3672 bie
280 3620 372 3673 Riimer
389 3625 508 3674 nundlen
521 3624 566 3674 das
579 3621 648 3688 Spiel
660 3622 725 3672 aucb
776 3623 861 3688 pient,
878 3625 918 3671 rei
933 3622 1023 3673 nolent
1039 3626 1062 3672 el
1077 3625 1195 3672 menime
1207 3621 1287 3674 Mem-

220 3689 259 3740 als
273 3690 329 3740 eine
343 3691 392 3740 Art
410 3692 454 3742 des
470 3693 583 3742 Leosens
601 3707 641 3752 an,
663 3707 684 3740 z.
698 3690 724 3739 B.
778 3692 855 3752 rniea,
865 3690 932 3755 qood
943 3691 1060 3740 Caesarea
1069 3689 1178 3741 adventu
1188 3707 1285 3758 respe-

220 3755 380 3822 beimJianl3
393 3757 459 3824 §9⁰-
472 3761 541 3810 Suet.
556 3760 608 3810 div.
622 3761 686 3822 Aug.
695 3758 724 3810 1³

219 3825 284 3875 elios
301 3829 400 3890 petrem
417 3832 442 3876 et
457 3827 539 3893 filiurn
555 3843 602 3895 pro
613 3829 668 3876 rita
678 3841 727 3877 ro—

217 3897 312 3959 gantes
324 3895 416 3942 sortiri
425 3899 451 3943 et
461 3898 557 3946 micare
568 3897 681 3959 maricae,
699 3898 728 3944 ut

779 3759 955 3823 rotfutururn
968 3758 1111 3818 consulemr
1129 3758 1175 3809 red
1190 3763 1285 3810 nibem

780 3829 807 3875 in
819 3827 925 3876 modum
936 3829 1006 3878 lacet
1033 3843 1055 3892 p.
1069 3827 1136 3877 blur.
1149 3828 1173 3890 8,
1194 3830 1224 3879 17
1243 3831 1286 3893 qrei

780 3925 804 3933 -
815 3897 937 3944 iacebant.
