2768 4498
177 238 237 298 140
475 229 739 284 nuceriensem.
753 229 782 282 ll.
810 230 881 282 ctu.
895 231 918 281 8.
932 231 955 280 9.

124 403 155 454 31
175 389 311 468 utrisque
327 395 373 449 est
387 387 605 468 propemodum
621 384 828 465 comparanda.
857 383 980 444 Honore
995 389 1026 446 et
1040 382 1134 461 gloria
1149 389 1180 444 et
1193 383 1252 444 he-

175 473 337 535 nivolentia
353 473 461 534 civium
474 473 601 533 fortasse
617 489 679 532 non
694 489 789 549 aeque
810 487 916 530 omnes
931 478 1035 546 egent,
1063 469 1116 530 sed
1138 476 1253 540 tamen,

176 561 200 620 si
216 559 265 620 cui
278 559 352 619 haec
366 565 542 636 suppetunt,
566 556 706 618 adiuvant
720 555 906 634 aliquantum
927 572 995 614 cum
1016 553 1054 614 od
1069 560 1169 614 cetera
1182 559 1253 614 tum

175 644 212 704 ad
228 642 373 704 amicitias
389 641 613 721 comparandas.

137 737 157 790 9
267 727 328 788 Sed
350 728 386 788 de
409 726 538 788 amicitia
554 726 611 787 alio
627 725 702 786 libro
719 725 892 786 dictumest
909 722 971 801 [qui
985 721 1161 784 inscribitur
1175 721 1254 782 Lae-
1273 734 1290 782 5

179 813 255 890 liusl.
271 812 358 872 Nunc
370 813 504 874 dicamus
516 811 552 872 de
568 810 705 889 gloria,
722 805 902 888 quamquam
919 827 952 870 ea
968 826 1088 888 quoque
1104 807 1255 868 dereduo

180 906 253 958 sunt
267 897 364 958 nostri
379 897 455 968 libri,
477 897 531 956 scd
547 896 735 973 attingamus,
759 894 881 973 quando
905 893 1026 972 quidem
1053 910 1087 953 ea
1107 892 1141 953 in
1161 891 1256 952 rebus

180 981 341 1043 maioribus
358 980 600 1044 administrandis
618 981 737 1042 adiurat
751 978 924 1058 plurimum.
970 977 1094 1038 Summa
1110 977 1203 1054 igitur
1225 985 1256 1038 et

179 1067 308 1147 perfecta
324 1068 415 1144 gloria
431 1073 548 1129 constat
564 1085 600 1127 ex
610 1066 706 1127 trihus
716 1064 776 1124 his:
794 1064 819 1124 si
830 1064 924 1142 diligit
939 1063 1108 1131 multitudo,
1125 1063 1151 1122 si
1162 1062 1255 1122 fidem
1309 1071 1318 1092 ·

180 1152 277 1225 habet,
295 1152 320 1212 si
336 1171 405 1213 cum
421 1151 620 1214 admiratione
636 1149 766 1228 quadam
779 1150 897 1210 honore
911 1149 1017 1227 dignos
1032 1155 1127 1226 putat.
1173 1147 1257 1208 llaec
1276 1154 1312 1204 lo

178 1247 287 1308 autem,
311 1236 336 1296 si
352 1245 397 1297 est
420 1236 592 1315 simpliciter
616 1233 807 1313 breviterque
832 1233 1003 1305 dicendum,
1026 1230 1137 1312 quihus
1160 1231 1256 1293 rebus

179 1322 339 1402 pariuntur
355 1342 371 1383 a
387 1321 526 1399 singulis,
550 1320 662 1399 eisdem
677 1321 740 1380 iere
755 1339 771 1381 a
787 1318 989 1380 multitudine.
1034 1318 1092 1378 Sed
1116 1327 1164 1378 cst
1178 1316 1257 1378 alius

181 1425 301 1486 quoque
317 1407 438 1484 quidam
454 1407 549 1466 aditus
560 1406 606 1466 ad·
613 1404 847 1476 multitudinem,
862 1412 896 1465 ut
910 1405 943 1465 in
957 1402 1171 1464 universorum
1187 1403 1257 1462 ani-

129 1507 161 1558 32
180 1509 247 1551 mos
270 1497 422 1568 tamquam
445 1491 570 1551 inlluerc
592 1489 754 1569 possimus.
790 1490 833 1550 Ac
858 1488 990 1568 primum
1014 1488 1051 1548 de
1072 1487 1131 1548 illis
1145 1486 1259 1558 trihus,

181 1594 257 1652 quae
272 1581 341 1636 ante
356 1575 432 1647 dixi,
455 1574 671 1636 benivolentiae
686 1581 841 1654 praccepta
855 1574 1023 1645 rideamne,
1038 1590 1115 1651 quae
1131 1571 1256 1650 quidem
1277 1576 1309 1624 15

181 1659 295 1738 capitur
309 1658 460 1721 beneficiis
477 1661 615 1733 maxime,
636 1659 767 1722 secundo
783 1667 883 1721 autem
899 1660 964 1720 loco
981 1657 1142 1734 [voluntate
1157 1656 1257 1718 bene-

177 1881 287 1933 prerraar
305 1866 480 1932 comparanda
496 1869 543 1927 eet,
558 1880 690 1932 propemo·
743 1865 808 1916 mals
820 1868 854 1916 im
868 1866 1023 1916 hesendcren
1036 1865 1258 1928 gehandeltwee-

183 1935 335 1998 dumosque
346 1938 468 1999 astrisque.
496 1948 606 2001 proram
625 1933 690 1984 wird
744 1934 799 1984 den.
829 1934 889 1985 Allo
902 1935 958 1984 drei
971 1932 1256 1985 Theilcorwirhtmm

182 2003 237 2052 also
251 2003 331 2052 durch
348 2017 425 2068 aeque
438 2004 552 2068 utreque
561 2016 634 2068 prop.
648 2017 689 2051 er·
745 2002 800 2052 sich
818 2003 898 2052 durch
911 2001 1106 2065 Gereehtiglreit
1122 2001 1257 2067 §38-45.

181 2071 288 2120 liiutert.
319 2086 372 2120 una
390 2071 460 2119 dient
477 2071 528 2119 wie
546 2068 630 2132 hiiuhg
648 2068 690 2118 hei
745 2069 842 2120 Daraui
869 2070 953 2133 folgen
983 2067 1255 2120 llinzelvorschrilten

181 2137 362 2202 superlativcn
382 2139 429 2187 den
442 2135 542 2200 Begriff
549 2137 691 2186 hervorzu-
744 2139 809 2188 iiber
832 2138 873 2188 die
897 2137 1058 2200 llrwerbung
1088 2138 1134 2188 des
1158 2136 1257 2189 lluhms

180 2205 278 2266 hehen3
292 2219 312 2256 s.
325 2221 357 2254 zu
368 2203 401 2255 111
412 2203 468 2269 §26
480 2219 542 2270 ergo
554 2219 637 2254 unum
649 2204 691 2254 de·
745 2207 825 2256 durch
836 2204 1019 2268 liriegsthaten
1037 2205 1053 2268 ξ
1065 2206 1112 2269 45,
1131 2207 1181 2255 deu
1191 2204 1256 2256 [lm-

182 2273 222 2322 bet
233 2288 288 2322 esre
298 2273 415 2324 omnihus
425 2274 597 2338 propositum.
745 2273 1149 2338 gaogmitheriihmtenllliinncrn
1158 2272 1214 2338 §46
1222 2273 1258 2339 n,

218 2341 240 2389 5.
271 2342 316 2404 qui
331 2341 483 2390 inscribitur
502 2338 613 2392 Laelius.
651 2339 689 2390 Da
743 2340 1075 2405 Beredsamlreit§48-5l.

181 2407 262 2458 durch
284 2407 314 2458 de
336 2411 453 2458 amicitia
470 2408 512 2458 die
531 2407 628 2460 Schrilt
644 2423 689 2472 ge·
778 2409 827 2462 duo
842 2413 903 2459 suat
914 2411 1003 2465 ,nostru
1018 2409 1085 2460 lteri.
1111 2409 1254 2462 Diesesol·

181 2476 280 2537 niigend
304 2477 452 2528 bezeichnet
480 2477 529 2540 ist,
560 2477 618 2526 sind
648 2477 688 2526 die
743 2477 787 2528 len
800 2479 865 2528 noch
877 2494 909 2527 zu
921 2477 1057 2528 Potrarcas
1071 2477 1132 2528 Zeit
1144 2477 1256 2528 existirt

180 2543 274 2595 Worte
292 2545 454 2607 iiberlliissig,
474 2545 525 2594 und
546 2545 622 2594 sehon
643 2545 688 2593 da·
743 2545 836 2595 hahens

181 2613 260 2662 durch
272 2613 311 2671 uls
324 2613 419 2662 uniicht
432 2629 464 2662 zu
477 2613 615 2674 erhenuen,
629 2611 690 2662 weil
781 2613 820 2665 12.
836 2615 977 2680 pariuntur
989 2628 1006 2662 a
1017 2611 1140 2677 singulte,
1151 2614 1195 2664 bei
1204 2615 1252 2664 deu

181 2681 247 2744 Cic,
271 2680 359 2730 wollte
385 2696 412 2730 er
436 2680 509 2730 einen
528 2679 690 2732 llelativsatz
744 2681 892 2732 Einuelnen.
916 2681 975 2732 Ter.
988 2679 1052 2730 llum
1066 2679 1099 2732 lll
1112 2683 1139 2746 5,
1150 2682 1167 2732 9
1179 2681 1254 2733 adde

181 2746 267 2810 fulgen
280 2749 373 2810 lusson,
396 2750 424 2796 in
441 2763 469 2796 eo
488 2739 560 2810 doro,
579 2747 689 2797 nichtin
742 2753 818 2814 etque
833 2751 865 2798 oh
881 2765 908 2798 eo
923 2751 1043 2813 gratiam
1066 2751 1148 2814 hone,
1175 2766 1254 2815 quam

181 2815 231 2864 alio
244 2815 412 2876 geschriehen
425 2815 509 2877 hiitte3
522 2814 575 2877 vgl.
587 2813 603 2879 ξ
614 2817 628 2866 6
639 2813 688 2865 clio
742 2817 812 2868 video
828 2817 899 2879 aelle,
920 2818 998 2866 inibo.
1017 2816 1065 2866 Die
1076 2816 1254 2882 Zwoideutig-
1309 2835 1313 2844 ·

181 2881 293 2945 quodum
305 2881 369 2932 libro
381 2882 432 2932 und
443 2881 460 2946 ξ
473 2881 506 2932 60
518 2883 545 2932 in
557 2885 592 2931 iis
604 2881 687 2947 dere,
742 2885 806 2947 leit,
817 2886 859 2936 die
871 2887 899 2935 in
911 2885 1006 2936 diesem
1018 2885 1051 2934 ad
1066 2885 1139 2948 liegt,
1159 2886 1194 2934 ist
1206 2902 1251 2936 na-

181 2963 241 3014 quos
254 2949 284 3000 de
295 2963 324 3000 re
334 2948 436 3016 publiea
447 2952 548 3016 scripsi.
741 2954 862 3004 mendich
872 2953 912 3003 bei
921 2955 1075 3020 exspectan,
1087 2952 1189 3018 abduci,
1202 2956 1254 3004 euri

215 3017 239 3066 6.
275 3016 306 3069 de
328 3017 425 3081 glorie.
463 3019 520 3070 Von
547 3019 594 3068 der
619 3017 685 3084 §21
741 3019 973 3086 addiquohiiulig.

181 3084 362 3146 aut'gestelltea
375 3084 548 3152 Einthciluug‚
568 3088 626 3137 dass
643 3087 685 3136 die
775 3087 843 3140 aliur
865 3103 959 3153 queque
979 3086 1082 3153 pucilam
1102 3087 1192 3140 adime
1208 3088 1252 3138 he·

180 3152 317 3202 Mceschou
330 3154 395 3204 daun
411 3155 514 3218 geueigt
531 3154 589 3204 sind
608 3169 686 3204 unsar
740 3157 808 3206 zieht
828 3157 885 3207 sich
904 3155 950 3206 auf
968 3157 1011 3206 die
1028 3155 1045 3220 ξ
1062 3156 1096 3204 45
1115 3155 1250 3220 folgenden

179 3219 260 3270 Wohl
272 3237 304 3270 zu
317 3218 429 3286 lordono,
446 3238 520 3273 wenn
533 3223 572 3272 sie
584 3237 632 3272 uns
645 3223 685 3272 ihr
739 3225 909 3289 specielleren
923 3221 1115 3276 Vorschrilten.

107 3320 119 3330 --
178 3288 410 3358 Wohlwollcn,
441 3292 497 3342 ihre
521 3289 685 3340 Hochech-
774 3291 1247 3358 15.denioolentiaepraecepie‚d.i.

178 3365 259 3420 teng
271 3359 321 3407 und
338 3358 379 3408 ihr
390 3359 575 3410 Vertrruen
594 3359 683 3407 schen-
736 3376 777 3428 pr.
790 3360 967 3412 berricolentahe
984 3359 1181 3426 comparandae.
1194 3357 1249 3423 §86

178 3424 240 3489 ken,
262 3427 358 3476 weieht
369 3425 424 3478 Cic.
440 3428 498 3478 hier
514 3424 631 3476 insolern
643 3425 685 3490 ab,
737 3429 861 3480 miditate'r
871 3431 1016 3495 praecepta.

178 3493 218 3542 als
241 3506 270 3544 er
291 3494 362 3544 diosc
379 3495 436 3545 droi
448 3493 557 3560 Begrill'e
570 3493 625 3542 dem
637 3492 684 3542 Be·
775 3497 814 3547 16.
832 3495 963 3548 montale
980 3495 1091 3560 benefica
1111 3495 1148 3546 ist
1159 3499 1248 3558 sesrgt

178 3559 251 3622 griffo
273 3560 354 3612 liuhm
376 3563 555 3625 antonomum,
577 3561 624 3612 der
642 3560 688 3612 auf
737 3563 788 3614 wie
808 3566 910 3631 cupieos
930 3566 1076 3628 remmio,
1092 3564 1171 3628 sorte
1190 3577 1245 3612 ooa-

179 3626 397 3680 Wohlwollen
426 3630 508 3696 532,
537 3630 683 3681 Vcrtruuen
738 3630 1165 3696 sacramentariorum
1188 3628 1246 3692 (Nl-

177 3693 271 3760 33-35‚
288 3696 470 3762 lloehachtung
486 3697 570 3749 36-38
583 3698 682 3747 heruht
738 3700 859 3764 gelshech
870 3702 916 3750 lat.
930 3699 990 3750 Stil.
1004 3716 1027 3766 p.
1044 3699 1113 3763 189),
1133 3697 1244 3762 obpleieh

176 3759 260 3811 Ueher
284 3764 328 3814 des
354 3766 542 3826 Wohlwollen,
567 3765 682 3816 woriiher
737 3767 772 3816 im
799 3768 967 3830 allgemeioen
989 3768 1031 3817 die
1051 3767 1174 3818 Lateiner
1195 3763 1244 3814 vicl

176 3829 240 3878 oben
253 3831 331 3881 achon
348 3833 384 3896 im,
396 3833 564 3897 allgemcineo
577 3847 682 3898 gespro-
736 3834 851 3887 seltener
873 3835 1004 3898 derartige
1028 3834 1181 3899 dejocum,
1204 3832 1243 3882 dir

175 3895 237 3948 chen
257 3899 301 3962 ist,
320 3909 416 3951 musste
434 3902 513 3952 daher
530 3902 586 3952 hier
604 3900 682 3950 noch·
738 3918 786 3954 nur
799 3904 841 3954 die
853 3901 1021 3966 lligenschalt
1037 3903 1110 3954 eines
1122 3903 1241 3954 lehender
