2800 4506
235 241 297 304 222
549 239 593 290 nn
605 237 742 290 otricus
755 238 814 290 nm.
829 237 869 289 111.
897 237 1020 290 canto.

233 397 524 474 constitueruntque,
537 403 568 456 ut
580 413 684 456 omnes
695 394 784 456 simul
794 393 828 454 in
839 399 936 454 rostra
947 399 1017 472 post
1027 391 1186 454 meridiem
1198 411 1302 454 escen-

232 483 348 544 derent.
374 480 412 541 Et
427 480 516 541 ceteri
536 479 658 560 quidem
672 479 745 541 alius
766 479 833 549 alio,
852 477 962 539 Marius
982 478 1019 540 ab
1040 477 1189 539 subselliis
1203 477 1237 538 in
1252 497 1303 538 ro-

233 577 294 630 stra
305 573 386 628 recta
397 565 497 645 idque,
512 566 593 646 quod
605 565 804 627 communiter
814 563 1013 642 compositum
1024 565 1131 634 fuerat,
1144 564 1227 625 solus
1240 563 1305 626 edi-

235 655 287 714 xit.
317 653 354 712 Et
370 670 404 713 ea
419 670 480 724 res,
496 651 522 712 si
537 652 669 731 quaeris,
684 651 712 711 ei
727 668 834 728 magno
849 649 956 710 honori
970 649 1036 710 fuit.
1068 648 1217 710 Omnibus
1232 649 1304 710 vicis

235 745 360 808 statuae,
375 737 411 798 ad
428 755 477 798 eas
492 745 551 810 tus,
566 736 654 798 cerei.
684 735 761 808 Quid
777 731 891 796 multa?
907 753 997 797 nemo
1008 735 1153 814 umquam
1164 733 1305 796 miultitu·
1322 745 1336 792 5

181 829 213 883 81
233 822 296 884 dini
310 823 367 884 luit
381 822 486 884 carior.
516 822 596 882 llaec
609 828 681 882 sunt
696 839 771 900 quae
782 819 962 882 conturbent
972 819 1004 881 in
1016 819 1231 880 deliberatione
1241 837 1305 880 non

232 927 408 987 numquam,
429 927 498 969 cum
513 907 554 980 id,
574 907 607 970 in
622 906 820 986 quoniolatur
841 905 985 985 aequitas,
1007 922 1069 966 non
1089 905 1130 966 ita
1150 923 1304 984 magnum,

179 1001 182 1013 '
232 995 304 1056 illud
326 1001 439 1061 autem,
456 993 537 1072 quod
552 1012 588 1053 ex
602 1012 637 1054 co
649 991 777 1071 paritur,
799 1007 995 1070 permagnum
1010 990 1140 1074 videtur,
1161 998 1196 1051 ut
1210 990 1305 1052 Mario

233 1079 402 1160 praeripere
425 1079 542 1157 collegis
557 1086 588 1139 et
601 1077 731 1138 tribunis
745 1076 826 1156 plebi
845 1077 1020 1156 popularem
1039 1075 1163 1154 gratiam
1179 1093 1243 1136 nen
1265 1076 1305 1136 ita

233 1175 335 1245 turpe,
363 1165 518 1226 consulem
533 1163 570 1224 ob
587 1181 653 1224 eam
668 1181 733 1224 rem
749 1161 828 1234 fieri,
850 1162 928 1241 quod
944 1160 1002 1222 sibi
1016 1168 1080 1222 tum
1096 1169 1305 1241 proposuerat,
1325 1167 1348 1215 to

233 1251 318 1312 valde
333 1251 405 1312 utile
424 1250 587 1311 videbatur.
618 1249 678 1309 Sed
699 1247 834 1309 omnium
853 1265 913 1308 una
932 1247 1033 1326 regula
1054 1255 1115 1319 est,
1139 1265 1230 1326 mam
1251 1246 1305 1307 tibi

232 1335 321 1416 'cupio
337 1355 404 1396 esse
413 1335 609 1404 notissimam,
626 1342 677 1394 aut
688 1333 771 1405 illud,
785 1333 865 1412 quod
878 1333 949 1393 utile
961 1331 1088 1401 videtur,
1103 1338 1192 1411 turpe
1204 1347 1245 1392 ne
1257 1332 1304 1402 sit,

233 1430 294 1492 aut,
310 1421 335 1482 si
346 1428 435 1500 turpe
447 1425 501 1491 est,
513 1437 551 1481 ne
562 1419 697 1480 videatur
708 1435 773 1479 csse
784 1417 864 1479 utile.
888 1417 965 1490 Quid
975 1415 1089 1495 igitur?
1101 1415 1305 1496 possumusne

233 1515 285 1567 aut
298 1506 383 1566 illum
397 1504 522 1565 Marium
538 1505 634 1565 virum
649 1504 762 1565 bonum
780 1503 913 1564 iudicare
927 1511 978 1564 aut
992 1499 1095 1564 hunc?
1120 1501 1241 1581 Explica
1257 1510 1304 1563 at-

234 1610 293 1671 que
308 1599 412 1652 excute
427 1589 660 1669 intellegentiam
670 1596 764 1662 tuam,
781 1597 814 1650 ut
825 1588 925 1649 videas
937 1588 1063 1667 quaesit
1077 1588 1110 1648 in
1122 1606 1156 1648 ea
1169 1587 1303 1668 [species]
1323 1589 1346 1638 tt

233 1676 331 1736 forma
351 1681 381 1736 et
402 1674 483 1737 notio
503 1675 558 1736 viri
578 1675 660 1737 boni.
690 1675 774 1736 Cadit
797 1691 866 1751 ergo
887 1672 917 1734 in
937 1674 1034 1735 virum
1052 1673 1167 1735 bonum
1181 1672 1305 1734 mentiri

236 1761 430 1823 emolumenti
446 1760 492 1822 sui
507 1780 606 1834 causa,
627 1759 788 1832 criminari,
805 1758 984 1839 praeripere,
999 1754 1122 1820 fallere?
1137 1757 1219 1818 Nihil
1232 1777 1305 1838 pro-

182 1855 215 1906 82
233 1847 311 1910 fecto
327 1847 436 1908 minus.
466 1846 520 1908 Est
536 1865 607 1926 ergo
623 1846 680 1908 ulla
695 1864 744 1906 res
759 1845 836 1906 tanti
850 1852 901 1906 aut
917 1844 1108 1905 commodum
1124 1843 1220 1904 ullum
1242 1853 1304 1904 tam

234 2021 328 2084 mama,
342 2022 440 2070 ceterue
451 2018 598 2086 complures,
612 2020 743 2084 inquibus
794 2018 916 2087 plicabat,
931 2015 1038 2068 esula
1048 2016 1207 2083 praefringi
1217 2031 1303 2081 mure,

235 2103 285 2138 non
296 2091 340 2138 ius
352 2087 458 2152 aliquod
468 2101 560 2137 noum
576 2087 665 2155 pupulo
683 2101 743 2137 eon·
796 2089 857 2138 erui
867 2085 961 2150 acuns,
973 2086 1104 2152 amputari
1112 2101 1208 2136 munus
1215 2087 1303 2135 iussit.

234 2159 359 2218 statuitur,
382 2155 430 2206 sed
451 2157 576 2217 sanctur,
608 2159 645 2219 ul,
676 2155 744 2221 quod
796 2155 855 2218 Vgl.
869 2154 934 2205 Plin.
947 2151 1063 2205 XXXIV
1075 2154 1101 2217 6,
1116 2153 1153 2204 12.
1210 2167 1215 2172 ·

235 2363 304 2410 Μὴ)
318 2362 437 2428 'mm‘
798 2394 1304 2460 derComplexdchorstellungen,wo-

269 2427 301 2546 {q
313 2425 741 2560 αὲἷὶἇὶἶξεθζῆᾝθῖξῖῧυπῃ,
797 2461 839 2513 nir
850 2462 902 2544 (lic.
924 2464 988 2512 auch
999 2465 1113 2513 nouenos
1129 2464 1190 2514 oder
1209 2459 1304 2512 nude

235 2579 277 2614 wo
291 2565 333 2616 dic
345 2565 426 2616 Sache
438 2566 593 2616 verbandelt
604 2579 667 2616 war.

270 2633 296 2683 4.
314 2636 340 2683 si
355 2635 465 2699 quaeris,
480 2647 553 2684 weun
563 2633 597 2682 du
606 2634 653 2684 der
662 2634 742 2684 Sacbe
834 2632 989 2696 15.specias,
1003 2629 1101 2695 formu
1120 2631 1145 2678 al
1164 2631 1246 2680 notio.
1271 2628 1304 2679 So

236 2699 438 2765 uaehforsobast,
464 2702 487 2751 d.
501 2702 519 2751 i.
532 2701 682 2766 unlengbar,
707 2701 743 2750 si·
796 2697 1304 2761 batCic.sicberlicbnicbtgsscbriebeu,

238 2768 360 2820 charlicb
389 2769 558 2834 lliiuflgwird
572 2769 613 2819 die
627 2769 743 2819 eineBe-
798 2769 829 2818 da
853 2781 883 2816 er
905 2767 947 2818 uie
971 2781 1020 2817 von
1038 2765 1053 2816 3
1078 2765 1177 2816 einzeln
1202 2766 1306 2816 slehen·

236 2839 380 2900 thouerung
392 2835 586 2887 ensdriiclrcnde
597 2835 701 2886 Formel
714 2851 742 2886 so
798 2837 845 2886 den
855 2835 981 2899 Begrill'cn
994 2851 1043 2884 nnr
1054 2833 1095 2884 die
1107 2833 1199 2884 beiden
1209 2835 1306 2885 latnten
1378 2845 1379 2848 ’

237 2903 384 2969 gebrauebt,
409 2905 468 2954 dass
491 2902 585 2954 darauf
602 2904 659 2954 eine
682 2903 744 2955 llin-
797 2905 877 2954 dureb
889 2908 913 2954 el
924 2904 987 2953 oder
998 2901 1181 2954 neverbindet
1195 2901 1234 2952 Ob
1245 2903 1307 2952 aber

236 2970 400 3035 schrlinkung
411 2970 485 3036 folgt.
507 2973 539 3023 ad
556 2971 613 3023 sam.
632 2971 678 3026 Vll
692 2973 713 3036 l,
728 2974 744 3023 2
791 2975 888 3040 formu
898 2972 961 3022 oder
973 2975 1067 3038 menies
1079 2971 1226 3034 gastriebeu
1237 2987 1306 3022 wer·
1378 2979 1379 2982 ’

240 3038 356 3102 minino,
376 3043 401 3090 si
419 3044 527 3106 quaeris,
553 3040 610 3092 ludi
631 3055 744 3110 apparu·
798 3042 846 3091 den
863 3055 940 3105 muse,
964 3039 1031 3090 lisst
1058 3039 1114 3090 sich
1132 3039 1233 3090 schwer
1250 3046 1307 3090 ent·
1378 3055 1379 3060 ¹

236 3109 339 3174 tustini,
362 3108 409 3159 scd
430 3124 481 3161 non
504 3111 543 3160 tui
554 3112 687 3161 stenwelt.
712 3111 744 3160 de
799 3105 1308 3173 sehatdan,tateitehtuflgzurUener·
1378 3131 1379 3148 ι

239 3191 292 3228 sen.
319 3177 359 3242 18,
384 3179 416 3229 65
440 3182 499 3230 sunt
514 3181 611 3230 morosi
626 3182 651 3229 ct
668 3181 746 3229 ennii
798 3185 904 3241 setuuug
916 3178 961 3227 des
974 3175 1150 3243 platoniscben
1160 3173 1231 3231 εἶδος
1244 3175 1307 3226 oder

235 3249 261 3296 et
286 3245 406 3296 iracundi
432 3251 455 3297 et
480 3246 603 3315 difficiles
620 3263 699 3312 senes,
718 3249 744 3296 si
797 3243 1139 3309 idiugebraucbtwerden3
1152 3243 1307 3308 Tunelli,

236 3317 385 3380 quaerimus
413 3318 490 3365 elium
514 3319 603 3378 uuari,·
631 3315 676 3367 sed
697 3316 743 3366 loe
797 3313 909 3380 58quod
923 3329 1019 3380 semper
1036 3313 1086 3363 lule
1100 3315 1148 3375 sit,
1165 3311 1238 3378 quaele
1254 3315 1305 3362 est:

235 3386 415 3434 mnrurnottiu
437 3389 503 3448 sunt,
528 3399 577 3434 nou
597 3385 742 3434 senectutis.
798 3380 876 3434 ἰδέαν
898 3381 1007 3450 appellet
1029 3379 1084 3446 ille,
1114 3396 1160 3430 nos
1187 3383 1306 3447 specim.

236 3450 295 3515 Vgl.
309 3451 339 3502 de
351 3468 389 3502 or.
399 3451 421 3502 ll
431 3452 472 3518 52,
482 3452 540 3503 254.
555 3453 588 3503 So
600 3453 667 3502 wind
680 3453 744 3502 anch
797 3457 850 3517 top.
864 3451 887 3513 t,
901 3451 939 3500 30-
950 3453 978 3500 in
992 3449 1112 3500 divulsione
1122 3451 1226 3515 termae
1238 3453 1306 3511 sunt,

234 3520 293 3570 bier
304 3521 385 3571 durch
396 3523 531 3586 siqudem
541 3519 634 3570 auidis
644 3519 743 3584 folgen-
797 3533 861 3585 quas
884 3517 975 3570 draca
993 3517 1048 3583 εἴδη
1069 3522 1166 3582 uocant,
1186 3521 1275 3568 nostri
1285 3547 1307 3554 --

236 3587 266 3638 de
280 3587 499 3654 Einsobriinkung,
521 3590 580 3640 dass
602 3588 643 3639 dic
662 3588 742 3639 Sacbe
796 3591 919 3654 species
935 3586 1070 3654 appellunt,
1093 3601 1144 3636 non
1158 3584 1308 3653 pessimeid

237 3658 364 3708 troiadem
377 3658 587 3720 unsittlicbuuar,
601 3656 743 3720 bingewie-
795 3655 905 3722 quidem,
927 3655 973 3706 sed
988 3654 1113 3706 inutiliter
1123 3653 1308 3705 stimulandos

237 3739 290 3774 sen.
795 3727 910 3776 msusin
930 3723 1039 3775 tuendo.
1070 3721 1156 3774 Nolim
1176 3726 1255 3788 enim,
1277 3737 1308 3771 ne

270 3791 294 3841 t.
313 3795 428 3843 uacuae:
454 3794 551 3844 Seneca
568 3793 651 3844 daim
664 3791 696 3843 lli
711 3795 741 3847 18
795 3797 820 3844 si
835 3791 925 3844 Latine
940 3795 1022 3860 possit
1047 3791 1147 3856 quidem
1168 3790 1228 3855 dici,
1250 3808 1265 3840 s
1282 3806 1307 3838 e-

236 3857 269 3909 M.
283 3855 375 3922 Murio,
398 3864 441 3910 oui
451 3864 553 3912 meatim
561 3860 672 3930 populus
683 3866 742 3913 stu·
796 3865 893 3914 uterum
904 3865 929 3911 ct
939 3861 1068 3928 speciebus
1079 3859 1171 3925 dicere,
1183 3888 1199 3896 -
1211 3863 1239 3908 ut
1249 3807 1307 3926 kr-

236 3932 295 3978 luus
303 3932 433 3995 pessimat,
451 3932 494 3979 cui
503 3933 563 3980 iure
572 3946 602 3980 uc
613 3933 671 3982 uino
683 3947 742 3998 sup·
795 3934 847 3983 mis
858 3933 884 3980 at
895 3930 1046 3996 formarum
1058 3926 1140 3979 veliin.
