2768 4498
385 251 428 300 DE
442 247 647 300 callensiae.
661 248 690 330 ll.
718 247 788 300 CAP.
804 249 843 298 19.

1090 250 1149 312 163

83 405 234 467 beneficiis
252 405 480 484 obstringendos
492 405 629 464 homines
645 405 877 464 accommodata.
901 403 997 484 Atque
1012 405 1081 466 huic
1097 403 1152 464 arti
1170 413 1203 462 66

83 491 209 552 finitima
226 489 539 566 estdiccndilgravior]
556 491 679 550 facultas
695 497 723 548 et
739 489 851 567 gratior
866 496 895 548 et
911 491 1050 549 ornatior.
1074 489 1152 560 Quid

85 577 164 638 enim
195 577 364 655 eloquentia
391 575 596 654 praestabilius
615 567 668 635 'vel
680 575 874 635 admiratione
901 575 1084 636 audientium
1107 573 1153 635 vel

84 681 137 741 spe
152 661 351 738 indigentium
367 662 412 721 vel
428 679 542 733 eorum,
559 660 608 739 qui
625 659 738 720 defensi
754 667 833 728 sunt,
848 657 963 738 gralia?
993 660 1068 721 Huic
1083 679 1152 738 crgo

49 763 62 811 5
86 769 101 809 a
118 747 281 808 maioribus
298 747 407 807 uostris
424 754 470 806 est
485 746 516 806 in
531 754 600 823 toga
617 745 766 821 dignitatis
782 745 965 824 principatus
983 746 1079 806 datus.
1101 745 1153 804 bi-

83 834 157 894 serti
173 832 264 910 igitur
287 831 419 892 bominis
437 839 465 891 et
480 831 565 891 facile
584 831 754 902 laborantis,
787 832 927 908 quodque
942 831 974 890 in
990 831 1093 908 patriis
1109 839 1154 890 est

84 917 230 987 moribus
248 919 411 977 multorum
425 934 528 976 causas
545 924 575 977 et
591 933 651 975 non
664 927 782 994 gravate
799 924 829 975 et
844 915 970 994 gratuito
987 916 1151 976 defenden-

83 1004 121 1063 tis
137 1002 281 1063 beneficia
298 1010 326 1064 et
341 1001 504 1081 patrocinia
516 1002 573 1062 late
585 1009 698 1080 patent.
729 1000 915 1062 Admonebat
928 1020 976 1060 me
987 1021 1035 1061 res
1049 1010 1082 1061 ut
1097 1003 1154 1060 hoc
1172 1015 1204 1063 ct

84 1107 205 1168 quoque
221 1088 285 1149 loco
312 1087 564 1148 intermissionem
592 1087 785 1164 eloquentiae,
817 1105 855 1146 ne
875 1087 969 1146 dicam
985 1087 1149 1158 interitum,

40 1184 67 1232 fl
83 1175 283 1253 deplorarem,
299 1174 330 1232 ni
348 1191 465 1233 vererer
482 1191 519 1232 ne
535 1173 572 1232 de
588 1191 636 1232 me
652 1173 716 1250 ipso
729 1171 837 1251 aliquid
850 1172 966 1232 viderer
983 1173 1074 1250 queri.
1092 1171 1150 1231 Sed

83 1272 185 1321 tamen
202 1259 346 1326 videmus,
363 1256 472 1337 qulbus
480 1257 635 1318 exstinctis
651 1257 816 1318 oratoribus
829 1275 917 1335 quam
928 1257 958 1316 in
966 1259 1150 1336 pancisspes‚

84 1352 197 1424 quanto
214 1344 246 1403 in
262 1343 450 1422 paucioribus
466 1343 596 1415 facultas,
611 1361 698 1422 quam
715 1343 746 1402 in
760 1343 861 1403 multis
877 1343 915 1402 sit
931 1344 1060 1403 andacia.
1077 1343 1151 1402 Cum

85 1439 185 1491 autem
199 1448 303 1489 omnes
319 1446 380 1488 non
396 1428 521 1508 possint,
539 1447 576 1488 ne
593 1429 678 1488 multi
695 1428 823 1506 quidem,
836 1437 887 1488 aut
902 1427 1073 1506 iurisperiti
1086 1447 1151 1488 esse

84 1525 137 1576 aut
152 1514 268 1586 diserti,
283 1515 352 1574 licet
378 1521 478 1573 tamon
505 1532 595 1592 opera
615 1514 757 1592 prodesse
773 1515 873 1574 multis
889 1513 1030 1574 beneficia
1046 1521 1153 1593 peten-

36 1617 67 1665 15
85 1609 158 1670 tem,
172 1600 435 1660 commendantem
451 1598 606 1670 iudicibus,
624 1598 852 1676 magistratibus,
869 1599 1037 1675 vigilantem
1050 1617 1104 1678 pro
1120 1617 1153 1658 re

84 1686 217 1755 altarino,
234 1703 284 1745 eos
300 1685 390 1764 ipsos,
417 1684 468 1764 qui
490 1691 540 1744 aut
567 1685 763 1744 consuluntur
779 1691 829 1743 aut
845 1684 1021 1757 defendunt,
1043 1701 1153 1762 rogan-

119 1823 143 1883 2,
163 1825 283 1886 gravior:
307 1822 384 1870 sebon
412 1821 452 1870 die
475 1820 593 1884 Stellung

82 1893 129 1942 des
143 1891 251 1941 Wortes
269 1892 354 1939 macht
373 1904 399 1938 es
418 1890 593 1939 wabrscbcin-

83 1961 146 2022 licb,
169 1960 228 2008 dass
250 1973 277 2008 es
299 1958 337 2006 als
351 1959 429 2007 andro
441 1959 534 2008 Lesart
551 1956 593 2006 l’dr

80 2030 187 2094 gratior
205 2029 232 2076 in
252 2029 299 2076 den
312 2026 379 2077 Text
391 2027 538 2088 gelrommen
551 2027 593 2088 ist,

84 2096 207 2146 tiberdics
220 2102 292 2160 passt
309 2110 336 2144 es
350 2095 419 2144 nicbt
431 2111 461 2146 cu
475 2096 530 2144 dem
543 2093 593 2144 Ge·

84 2163 193 2214 dankon.
213 2164 282 2213 Dono
294 2163 319 2212 ln
327 2165 418 2228 gravis
431 2163 494 2225 liegt
506 2164 595 2212 immor

85 2234 132 2284 der
142 2231 241 2294 Begrilf
248 2231 294 2281 der
302 2231 398 2282 Wiirdc
409 2233 460 2281 und
470 2233 514 2281 des
527 2230 594 2280 Ern-

86 2299 595 2364 stes,welcberderBercdsamkeitnicht

85 2371 156 2420 mehr
168 2369 210 2418 als
219 2368 592 2434 derJurlsprudeuzcukornmt.

121 2438 144 2486 5.
164 2439 192 2486 ὺι
209 2441 279 2502 toga,
298 2438 320 2486 d.
334 2437 349 2484 i.
369 2439 397 2484 in
414 2453 483 2504 pace,
502 2436 539 2500 [ᾗ
554 2437 593 2486 77.

86 2507 139 2556 Deo
152 2505 271 2568 gleichen
283 2503 420 2556 Gadanken
433 2505 530 2571 spricbt
541 2505 594 2554 Cic.

85 2576 116 2623 de
130 2573 219 2624 eracl
240 2574 264 2634 4,
289 2575 319 2624 15
341 2589 399 2622 eus:
419 2578 492 2623 erunt
509 2577 595 2622 autem

82 2644 143 2692 anio
164 2639 252 2691 studio
275 2641 447 2706 (eloquentiae)
465 2645 594 2704 macione,

84 2727 149 2776 quoe
165 2725 234 2760 nunc
257 2725 352 2774 quoquc
377 2715 450 2774 aunt,
477 2713 595 2778 seposita

82 2781 204 2846 promulo
216 2777 255 2828 uel
266 2779 300 2828 ud
309 2781 426 2846 gratiam
443 2779 481 2828 cel
492 2779 528 2828 cd
538 2795 595 2846 opes

84 2848 122 2896 cel
132 2846 169 2896 ad
180 2846 342 2912 dignitatem.

120 2917 144 2966 6.
156 2915 250 2982 suoile,
270 2929 340 2976 geru.
354 2913 540 2964 substraxit
553 2915 594 2979 31,

86 2985 98 3033 1
119 2999 169 3048 ego
192 2985 233 3032 bic
250 2983 289 3032 cel
305 2986 359 3032 sine
377 2981 449 3033 Sicca
465 2981 595 3048 facillime

82 3068 265 3118 permeasse,
278 3056 306 3100 nt
318 3054 343 3100 in
356 3051 441 3101 malis.
456 3051 565 3110 1111126,
579 3051 593 3100 2

84 3120 169 3170 boum
186 3121 266 3170 babeo
284 3117 395 3184 nullum,
418 3121 463 3169 ubi
482 3119 595 3186 sccila'us

85 3205 140 3238 esse
155 3191 254 3256 possim
271 3203 346 3253 quom
358 3190 480 3238 Asturae.
510 3187 595 3254 ,facile

85 3259 122 3307 ist
139 3258 213 3306 nicht
226 3257 342 3306 desselba
356 3259 404 3306 wic
417 3273 467 3306 non
477 3261 594 3322 pronote,

84 3324 595 3389 dasdasl'reundlicbeEntgcgenkommen

84 3394 127 3444 bei
146 3395 194 3442 der
208 3393 379 3444 Ucbernabmc
399 3396 444 3444 dcs
457 3394 594 3444 Processes

84 3462 245 3512 bezeichnet.

120 3533 143 3579 7.
163 3533 293 3596 gratuiter
313 3529 405 3580 darauf
421 3530 522 3582 bezieht
541 3530 595 3580 sich

83 3599 154 3664 quod
166 3601 194 3648 in
204 3600 299 3664 patriis
312 3601 350 3648 est
361 3601 484 3648 muethus.
515 3599 596 3648 Schon

82 3669 168 3717 durch
178 3667 218 3716 dic
230 3664 275 3716 lace
284 3667 461 3718 Cinciovoml.
470 3669 520 3718 550
528 3667 597 3730 (204)

82 3737 128 3799 (ne
145 3738 203 3800 puts
222 3737 252 3784 ob
270 3749 376 3784 causum
387 3735 512 3786 orandam
522 3749 598 3801 pecct-

83 3807 161 3854 m'am
180 3804 309 3854 duorumve
325 3805 444 3870 accipitet)
464 3805 551 3853 wurdc
571 3819 598 3852 es

83 3875 224 3936 verbalem
242 3872 289 3920 den
305 3873 423 3922 Belstaud
436 3887 483 3922 vor
495 3871 601 3922 Gericht

82 3941 142 3990 sich
155 3941 281 3991 bezahlen
295 3955 326 3989 zu
339 3941 437 4004 lassen3
451 3958 482 3990 zu
495 3941 600 3992 Ciceros

646 1819 704 1870 Zcit
721 1836 775 1870 war
794 1820 834 1869 cin
850 1819 1009 1886 palmarium
1029 1819 1104 1870 dafiir
1121 1838 1153 1870 zu

647 1890 750 1938 nahmen
783 1871 853 1938 licat
881 1889 1082 1951 ungewohnlieh.
1119 1889 1151 1937 so

646 1959 748 2007 werden
762 1958 826 2006 auch
839 1957 928 2006 Parnd.
939 1956 973 2006 Vl
987 1957 1010 2020 2,
1024 1957 1055 2006 46
1068 1958 1094 2006 in
1108 1957 1154 2006 der

648 2025 816 2087 Schildcrung
833 2027 877 2076 des
893 2026 966 2075 bomo
987 2031 1153 2090 quaestuosus

648 2095 688 2144 dle
705 2093 850 2144 mercedum
867 2096 997 2160 pactiones
1018 2097 1046 2144 in
1061 2098 1153 2161 poteo·
1178 2109 1180 2116 ·

648 2165 721 2212 cinito
734 2165 858 2213 erwlhnt.

683 2250 708 2298 8.
726 2249 880 2298 adrncnebot
891 2276 912 2282 —
925 2250 954 2296 ni
965 2263 1072 2299 vererer.
1103 2249 1154 2300 Der

647 2315 803 2366 Indicativus
815 2315 960 2382 Imperfecti
973 2319 1043 2368 steht
1055 2317 1154 2368 zerbo-

648 2386 789 2447 zcicbnnng
813 2386 913 2449 dessen‚
937 2399 989 2434 was
1008 2385 1155 2437 theilweise

649 2457 725 2504 sebon
739 2455 896 2516 cingotretcn
910 2454 952 2515 ist,
966 2453 1016 2500 und
1028 2461 1104 2504 unter
1117 2455 1155 2504 ci-

649 2538 694 2572 ner
707 2522 762 2571 blos
774 2522 911 2584 gedachteu
919 2521 1065 2585 Bcdingung
1075 2523 1153 2572 wirk-

649 2591 702 2640 licb
721 2591 878 2654 eingetreten
899 2589 952 2640 sein
972 2589 1067 2640 wiirdc.
1096 2586 1154 2639 ‘Die

649 2658 729 2709 Sachc
754 2659 854 2709 fordert
872 2659 938 2708 mich
955 2656 1031 2708 auf-
1044 2659 1095 2708 und
1113 2659 1155 2709 icb

650 2729 734 2777 niirde
756 2728 813 2778 dies
834 2729 920 2790 thuen,
946 2743 1018 2776 wenn
1038 2742 1065 2778 cs
1084 2729 1155 2778 nicht

649 2793 770 2847 schienc'.
788 2796 951 2848 Namcutlich
960 2795 1111 2848 beiTacitus
1121 2796 1155 2848 ist

649 2866 695 2915 dcr
708 2865 930 2931 Spracbgebrauch
941 2865 1033 2926 haiufig.

683 2953 729 3001 dcc
741 2967 835 3016 quoque
847 2951 905 3002 loco.
931 2950 982 3000 Den
996 2950 1096 3002 Verfall
1109 2951 1155 3000 dor

648 3019 839 3071 beredsamkcit
866 3021 969 3082 heklagt
987 3021 1038 3070 Cic.
1062 3020 1155 3082 b'a'ulig,

649 3103 677 3139 so
691 3089 761 3138 Brut.
776 3089 800 3149 6,
815 3089 855 3138 21.
876 3089 917 3150 42,
934 3089 990 3140 157.
1004 3089 1045 3151 91,
1059 3088 1140 3140 33111.

686 3174 723 3224 12.
742 3173 864 3222 arrdacia:
878 3175 948 3223 Brut.
961 3173 1002 3234 96,
1016 3174 1065 3222 330
1079 3180 1155 3222 neunt

650 3243 688 3292 sia
701 3241 753 3291 Cic.
766 3241 923 3306 irnpudcntes
937 3255 1026 3306 procos
1038 3241 1155 3304 eloquen-

649 3313 708 3373 tiae,
721 3311 750 3360 da
765 3311 804 3359 sie
817 3312 881 3359 ohne
893 3310 988 3370 Arlape
1001 3309 1050 3357 und
1062 3309 1156 3371 griiud-

649 3380 715 3429 liobe
729 3379 915 3440 Vorbercitung
932 3379 970 3428 als
983 3376 1083 3426 Redner
1100 3375 1156 3425 auf-

650 3455 744 3498 trctcn.

688 3529 725 3578 14.
755 3529 884 3594 beneficio,
912 3529 953 3577 die
976 3527 1080 3576 Aemtcr
1105 3527 1155 3576 und

651 3597 775 3654 Wiirden,
787 3595 1094 3662 welchetheilscinzelne,
1106 3596 1155 3644 wie

652 3662 1159 3728 dasliriegstribunatundPracfecturen

652 3734 732 3783 theils
756 3736 800 3783 das
816 3735 882 3784 volt
901 3735 980 3783 durch
1000 3734 1069 3784 scine
1083 3733 1163 3784 Wabl

653 3803 773 3852 verleiht.

690 3874 728 3922 15.
748 3871 963 3921 eommmdantem
976 3871 1113 3921 indicibus:
1134 3887 1162 3922 so

655 3941 693 3990 als
706 3938 821 3990 aduocati
834 3957 881 3991 vor
896 3937 1009 3990 Gericht.

950 4026 997 4078 ll*
