2800 4506
222 237 287 299 216
498 235 541 285 llll
555 233 691 286 osricus
703 233 763 285 Llll.
777 233 817 285 lll.
850 233 921 284 CAP.
936 237 976 287 17.
988 238 1026 286 18.

174 375 182 400 “’
221 392 267 453 ius
291 390 373 452 civile
394 391 545 452 ductuma
566 399 670 450 natura
692 387 830 450 malitiam
852 390 1049 470 fraudemque
1071 389 1216 462 vindicat,
1239 391 1294 450 sed

222 478 310 539 etiam
325 477 357 536 in
373 475 591 555 mancipiorum
606 475 779 536 venditione
793 475 954 537 venditoris
975 475 1057 536 fraus
1075 474 1172 536 omnis
1190 477 1295 537 exclu-

222 564 311 623 ditur.
353 561 409 634 Qui
431 561 511 624 mim
532 561 607 622 scire
623 558 726 621 debuit
747 561 783 620 de
804 560 944 633 sanitate,
971 561 1007 621 de
1026 561 1109 640 fuga,
1137 561 1174 622 de
1195 561 1295 632 furtis,

171 658 204 707 72
223 653 352 729 praestat
371 646 468 707 edicto
489 647 637 708 aedilium.
669 645 816 706 Heredum
838 645 891 708 alia
913 665 1000 708 causa
1022 655 1075 707 est.
1106 647 1150 706 Ex
1169 665 1229 725 quo
1245 647 1295 707 in-

224 732 385 810 tellegitur,
401 732 541 810 quoniam
554 732 626 792 iuris
638 738 743 791 natura
755 729 822 792 fons
840 731 893 804 sit,
909 731 965 792 hoc
976 731 1142 794 secundum
1156 738 1297 793 naturam
1316 745 1329 794 5

225 838 304 890 esse,
329 817 524 879 neminemid
546 834 631 894 agere
645 823 679 878 ut
695 835 731 877 ex
750 816 872 878 alterius
892 817 1054 896 praedetur
1075 817 1202 879 inscitia.
1233 817 1297 878 Nec

224 904 283 964 ulla
298 903 446 982 pernicies
463 902 536 963 vitae
552 902 646 964 maior
660 901 787 963 inveniri
802 911 903 980 potest
918 921 1007 981 quam
1024 903 1056 963 in
1075 902 1184 963 malitia
1201 903 1298 963 simu-

224 989 294 1051 latio
309 988 542 1066 intellegentiae,
560 1007 593 1048 ex
610 1006 669 1066 quo
680 989 734 1054 ista
749 986 976 1056 innumerabilia
993 995 1169 1060 nascuntur,
1184 994 1220 1048 ut
1235 988 1298 1049 uti·

224 1076 260 1136 lia
277 1093 344 1135 oum
366 1073 499 1136 honestis
520 1091 651 1153 pugnare
667 1073 829 1134 videantur.
860 1074 976 1146 Quotus
993 1074 1073 1134 enim
1096 1074 1227 1153 quisque
1242 1092 1291 1135 re-

224 1160 357 1242 perietur
372 1159 423 1238 qui
438 1159 613 1238 impunitate
629 1167 659 1219 et
672 1158 859 1236 ignoratione
880 1159 1012 1219 omnium
1030 1159 1184 1238 proposita
1201 1159 1296 1220 absti-
1320 1172 1344 1221 rt

229 1264 302 1308 nere
317 1246 411 1324 possit
427 1241 555 1305 iniuria?

175 1327 212 1384 18
312 1329 525 1399 Pericliternur,
541 1329 566 1388 si
581 1329 685 1407 placet,
702 1335 732 1388 et
746 1329 777 1388 in
793 1328 830 1396 iis
846 1329 966 1407 quidem
979 1328 1129 1408 exemplis,
1143 1329 1298 1409 inquibus

176 1408 208 1458 73
227 1415 341 1498 peccari
357 1416 457 1495 volgus
472 1414 627 1474 hominum
644 1416 768 1474 fortasse
785 1431 843 1475 non
860 1422 954 1493 putet.
985 1415 1087 1494 Neque
1103 1415 1184 1475 enim
1202 1416 1240 1476 de
1257 1416 1298 1476 si-

228 1503 323 1574 cariis,
335 1499 481 1571 veneficis,
489 1499 731 1572 testamentariis,
743 1497 1229 1578 iuribus,peculatoribushocloco
1237 1500 1299 1561 dis-

229 1586 395 1647 serendum
411 1592 468 1656 est,
491 1585 541 1664 qui
556 1601 618 1645 non
633 1583 730 1645 verbis
752 1590 867 1645 suntet
883 1585 1083 1664 disputatione
1103 1585 1302 1666 philosopho·
1320 1593 1344 1642 ¹5

228 1691 305 1744 rum,
320 1672 372 1732 sed
384 1670 487 1732 vinclis
497 1681 527 1730 et
540 1688 656 1732 carcere
665 1670 815 1750 fatigandi,
828 1670 879 1730 sed
891 1671 965 1732 haec
975 1671 1210 1743 consideremus
1224 1691 1299 1751 quae

228 1757 343 1820 faciunt
357 1757 393 1830 ii,
416 1756 624 1836 quihabentur
643 1756 724 1817 boni.
752 1755 784 1815 L.
799 1754 921 1816 Minucii
939 1755 1044 1830 Basili,
1065 1757 1223 1836 locupletis
1244 1759 1299 1818 ho-

230 1843 329 1917 minis,
345 1844 451 1904 laisum
465 1851 678 1903 testamentum
695 1841 814 1921 quidam
827 1860 843 1901 e
855 1841 974 1902 Graecia
986 1843 1111 1903 Romam
1123 1843 1299 1905 attulerunt.

229 2071 419 2130 hervortretco,
431 2068 480 2120 wie
490 2067 617 2135 iniprne,
629 2081 733 2132 aequora
792 2067 877 2117 liceret
885 2070 958 2134 patri
973 2067 1103 2118 dominoco
1120 2073 1166 2118 ani
1185 2066 1239 2118 litis
1259 2085 1299 2118 ae·
1375 2071 1376 2082 ¹

230 2139 293 2188 doch
315 2139 352 2187 ist
375 2137 414 2188 sie
442 2136 466 2185 in
495 2136 541 2185 der
565 2134 644 2186 Prosa
675 2137 734 2186 sehr
787 2137 965 2186 dictationem
996 2138 1111 2201 aufferre
1139 2141 1186 2186 aut
1217 2151 1300 2187 nonne

230 2207 320 2257 seiten.
349 2203 411 2270 Nep.
430 2204 487 2253 Alc.
510 2202 524 2253 8
541 2208 642 2270 praeter·
659 2217 736 2252 arma
787 2202 883 2254 dedere.

230 2279 254 2325 ct
265 2275 339 2324 nauis
350 2273 415 2322 nilil
424 2276 480 2322 erat
491 2287 574 2339 snper.
599 2271 650 2322 Cic.
663 2273 735 2322 Brut.
825 2273 850 2321 4.
871 2271 1005 2323 Heredum.
1033 2272 1108 2323 lliese
1119 2272 1232 2323 konnten
1247 2273 1299 2323 sich

232 2346 255 2404 5,
269 2343 299 2394 21
313 2343 413 2406 faciam
425 2341 494 2392 volis
506 2342 578 2390 satia.
598 2340 637 2390 ad.
647 2341 734 2392 utcu
791 2341 871 2390 durch
887 2340 1057 2392 llnkeontuiss
1074 2341 1121 2392 dor
1132 2341 1229 2392 Fchler
1246 2349 1300 2392 eat-

234 2412 274 2474 18,
286 2413 302 2460 4
314 2409 415 2474 faciam
426 2413 513 2459 tomen
525 2411 598 2458 raim.
791 2408 951 2472 schuldigen.

268 2484 290 2533 1.
309 2477 413 2529 ductum
423 2494 440 2527 a
451 2482 552 2541 natura,
565 2493 614 2528 von
628 2477 683 2528 dem
693 2491 737 2526 aa·
825 2477 849 2528 8.
869 2476 1039 2542 intellegentia
1059 2478 1094 2527 ist
1115 2478 1142 2526 in
1155 2477 1300 2528 demselben

232 2549 358 2600 tiirlichcn
371 2544 551 2609 Rechtsgeliihl
569 2545 737 2609 hergeleitet3
795 2544 873 2594 Siooe
894 2553 983 2609 gesagt
1002 2546 1054 2596 wic
1076 2544 1137 2610 §62
1156 2549 1299 2613 capienlia3

234 2616 305 2682 §22
791 2613 1245 2680 prudentiuvermcidetcic.wogcn
1259 2614 1302 2665 dar

268 2686 291 2734 3.
316 2682 346 2733 de
359 2685 455 2750 furtis,
466 2685 585 2748 praesint
602 2681 683 2731 edicto
699 2697 742 2730 aa·
794 2680 976 2744 ausgestollten
990 2681 1136 2732 Definitioo.

235 2753 337 2803 dilium:
356 2750 476 2813 Gettlv,
495 2752 510 2798 2
529 2752 556 2798 in
573 2749 653 2800 edicto
670 2748 741 2798 aedi·
828 2752 879 2798 icto
899 2748 1107 2813 innumerabilia,
1126 2751 1186 2812 jone
1208 2749 1302 2802 nuidi-

236 2820 299 2870 lium
311 2819 449 2880 carridium,
462 2833 512 2882 qun
519 2820 595 2882 parte
603 2815 740 2866 demenci-
794 2817 863 2882 ligea
876 2815 958 2868 Fatue.

234 2891 287 2955 piis
295 2886 436 2936 avandundia
445 2889 551 2935 cautum
559 2889 603 2946 esi,
613 2885 741 2950 scriplum
831 2885 869 2936 12.
899 2887 1087 2936 Periclilemnr:
1106 2886 1137 2935 do
1157 2887 1208 2937 div.
1228 2884 1250 2938 ll
1263 2887 1302 2937 16.

236 2960 274 3005 sic
285 2957 361 3022 suit:
374 2949 475 3004 ‘titillare
485 2954 639 3020 scriptoriam
651 2954 742 3018 singu·
795 2953 826 3002 91
844 2953 1033 3019 qrcndringmita
1043 2958 1213 3020 septinginta
1230 2954 1303 3006 milia

237 3023 610 3088 lovacencos-iptnraitcurnto
632 3024 683 3083 ita,
711 3025 742 3071 nt
794 3036 921 3072 annornm
945 3026 971 3074 in
993 3022 1228 3090 periclitandis
1253 3039 1304 3074 eac-
1374 3021 1375 3044 ¹

156 3135 164 3155 ,
237 3091 350 3155 intellegi
365 3092 528 3157 rectepccait,
541 3089 692 3155 pnidrnordi
703 3092 742 3138 oi-
791 3089 1304 3160 porimdisquepueria-Balyloniocpo·

237 3165 295 3212 iiiuc
306 3162 397 3224 cuique
408 3162 449 3222 aii,
458 3162 515 3224 puis
526 3160 659 3224 fugitivae
671 3173 741 3209 arro-
796 3160 886 3208 ruisse.
908 3188 941 3196 -
962 3159 1025 3210 llier
1042 3175 1111 3210 musa
1129 3175 1186 3210 man
1199 3161 1240 3210 als
1254 3161 1304 3211 (lla-

236 3247 265 3281 ve
282 3232 316 3280 cil
333 3243 434 3280 nonnae
449 3228 548 3278 solutus
563 3243 612 3277 non
628 3222 678 3276 sitss¹
711 3226 742 3276 de
792 3225 848 3287 jeet
868 3227 994 3291 erginzen
1012 3231 1146 3279 venialem
1157 3230 1236 3279 lacius
1248 3245 1304 3278 ren-

229 3294 741 3366 suriirbezeichnetalso‚obdacSlilava
795 3295 897 3344 waima.

238 3368 318 3418 durclr
330 3365 464 3416 lllebstahl
477 3365 548 3416 einer
560 3362 655 3413 Person
675 3361 742 3412 obli·
834 3365 872 3413 14.
890 3366 1098 3415 testamentarius
1110 3366 1194 3415 heisst
1205 3364 1305 3428 cigent-

237 3438 291 3499 girt
315 3435 367 3494 soi,
392 3433 502 3484 u'cleher
525 3448 554 3482 er
576 3428 743 3494 ausgolieicrt
796 3429 941 3494 lichjeder,
954 3432 1305 3498 dereinTestamentmacltt,

237 3504 339 3555 worden
360 3503 452 3552 iniisse.
487 3501 557 3550 Dono
580 3515 664 3549 nonae
679 3497 742 3548 aare
797 3498 1304 3563 lriarder‚wolclrerTcatamcnteliilacht.

238 3574 309 3622 hiess
341 3588 397 3621 zum
421 3569 549 3621 Schadon·
573 3567 641 3630 (incl.
669 3565 743 3617 uteu-
833 3567 871 3618 16.
876 3567 1029 3634 fatigandi:
1038 3569 1101 3620 Non.
1113 3569 1306 3636 paroemiam

238 3641 340 3700 stalle-l
354 3639 448 3690 Ersata
460 3636 611 3700 iiber-gehon.
639 3633 696 3685 Gai.
709 3633 742 3686 lV
797 3635 853 3685 dica
866 3635 946 3686 durch
958 3638 1078 3702 cohibere,
1091 3643 1213 3688 coiranno.

239 3709 271 3757 lb
290 3724 326 3758 ea·
337 3705 474 3772 maleficiis
488 3704 608 3770 filiorum
619 3703 744 3769 santilioa
835 3705 873 3754 11.
894 3702 921 3754 L.
932 3703 1059 3757 Minucius
1070 3706 1176 3757 Basilus
1187 3707 1225 3757 ist
1235 3707 1305 3758 nicht

238 3790 405 3836 servaremur,
426 3773 491 3824 volnt
510 3775 535 3823 n*
553 3773 657 3837 frrrlnm
677 3771 744 3835 fece·
798 3772 891 3822 walter
908 3772 1026 3824 bekannt
1064 3773 1205 3826 Viclleieht
1224 3774 1260 3826 ist
1278 3790 1305 3824 er

240 3846 294 3893 cini
322 3846 370 3892 arri
403 3843 529 3892 iniuriam
563 3841 745 3904 commiserint,
801 3839 931 3904 dornellae,
959 3842 1005 3892 dor
1022 3842 1107 3893 Sullas
1126 3842 1209 3907 Legat
1236 3859 1304 3905 war;

240 3909 350 3962 noxales
367 3912 480 3960 notiones
497 3907 613 3976 produce
632 3911 698 3971 sunt,
719 3911 747 3958 nt
800 3907 868 3960 Plut.
881 3907 944 3959 Sall.
959 3910 982 3960 9.
