2800 4506
188 203 247 266 180
478 200 521 250 ΒΕ
535 195 671 250 orrlclls
685 195 744 250 LlB.
757 198 797 250 lll.
822 199 967 250 (141412.

185 356 353 420 solitudinis
368 372 478 415 munus
495 359 604 414 exstat:
633 372 669 412 ex
690 373 749 432 quo
769 353 899 432 intellegi
926 353 1014 414 debet
1039 352 1122 414 illum
1144 353 1261 414 mentis

185 441 345 522 agitatione
367 438 655 517 investigationeque
671 458 772 500 earum
795 457 906 510 rerum,
923 457 997 518 quas
1010 437 1167 516 cogitando
1182 455 1260 498 con-

186 527 376 624 sequebatur,
392 543 448 585 nec
463 524 590 583 otiosum
608 541 663 584 nec
676 525 776 585 solum
790 542 939 620 umquam
950 523 1054 583 fuisse.
1070 521 1130 583 Nos
1146 532 1260 594 autem,

186 613 314 691 quinon
330 617 447 670 tanturn
463 607 581 668 roboris
597 607 808 682 habemus,t
774 617 808 669 ut
822 608 1000 688 cogitatione
1015 607 1104 668 tacita
1117 627 1135 668 a
1149 608 1261 668 solitu·

187 697 256 757 dine
272 696 487 765 abstrahamur,
502 692 539 754 ad
555 693 633 754 hanc
648 693 798 754 scribendi
812 711 932 772 operam
948 712 1041 754 *omne
1056 692 1190 753 studium
1206 712 1264 754 cu·
1286 709 1302 755 5

185 800 311 860 ramqne
326 779 534 840 convertimus.
579 778 680 856 ltaque
697 779 780 858 plura
796 779 879 840 brevi
892 787 1029 857 tempore
1052 795 1152 838 eversa
1167 795 1262 857 quarn

109 874 129 892 ⁸
189 867 290 928 multis
306 865 393 926 annis
410 871 507 925 stante
522 881 555 923 rc
571 863 685 942 publica
701 864 886 944 scripsimus

152 959 171 1012 2
226 981 229 986 ·
273 951 331 1012 Sed
347 969 415 1010 cum
431 958 493 1010 tota
508 947 705 1027 philosophia,
718 950 761 1010 mi
776 949 888 1020 Cicero,
904 947 1048 1026 lrugilera
1061 954 1090 1006 et
1103 947 1263 1008 fructuosa

153 1039 167 1086 5
187 1054 243 1097 nec
257 1035 316 1097 ulla
331 1053 399 1114 pars
416 1035 480 1094 eius
495 1033 605 1094 inculta
622 1052 655 1094 ac
671 1034 786 1095 deserta
803 1035 855 1102 sit,
882 1042 946 1094 tum
971 1032 1071 1092 nullus
1087 1032 1214 1092 feracior
1229 1032 1264 1092 in

187 1141 221 1182 ea
237 1123 318 1182 locus
334 1129 450 1181 estnec
472 1118 593 1180 uberior
614 1121 757 1196 quamde
774 1119 896 1190 officiis,
920 1138 936 1178 a
960 1115 1068 1196 quibus
1088 1125 1265 1179 constanter
1289 1135 1325 1182 ιο

186 1209 372 1286 honesteque
388 1203 505 1265 vivendi
520 1212 676 1282 praecepta
697 1205 857 1265 ducuntur.
903 1204 966 1276 Qua
988 1222 1021 1262 re
1043 1220 1224 1281 quamquam
1247 1223 1265 1264 a

187 1292 326 1371 Cratippo
343 1299 457 1362 nostro,
479 1289 613 1368 principe
628 1289 717 1350 huius
733 1289 895 1350 memoriae
911 1288 1168 1367 pbilosophorum,
1190 1288 1266 1348 haee

187 1387 218 1437 te
233 1375 353 1438 assidue
369 1375 472 1434 audire
487 1383 576 1453 atque
591 1373 726 1452 accipere
742 1375 870 1444 confido,
886 1382 987 1434 tamen
1000 1372 1166 1432 conducero
1178 1371 1266 1433 arbi-

189 1471 251 1523 tror
267 1461 373 1521 talibus
389 1477 476 1520 aures
492 1467 559 1520 tuas
571 1459 692 1520 vocibus
709 1459 840 1538 undique
852 1459 1073 1520 circumsonare
1089 1475 1145 1516 nec
1162 1476 1220 1529 eas,
1237 1458 1267 1518 si

151 1569 167 1618 6
186 1547 249 1607 heri
264 1545 366 1624 possit,
383 1544 540 1623 quicquam
557 1543 634 1604 aliud
651 1545 763 1604 andire.
806 1545 893 1617 Quod
917 1561 985 1604 cum
1002 1542 1142 1603 omnibus
1158 1549 1204 1602 est
1216 1542 1266 1604 la·
1291 1562 1324 1608 15

189 1630 337 1700 ciendum,
354 1630 404 1708 qui
421 1629 510 1689 vitarn
525 1629 679 1689 honestam
696 1629 810 1708 ingredi
823 1629 961 1708 cogitant,
977 1636 1043 1689 tum
1055 1628 1135 1688 haud
1147 1627 1208 1688 scio
1222 1645 1265 1688 an

189 1715 301 1777 nemini
316 1715 416 1793 potius
432 1732 521 1795 quam
536 1713 600 1774 tibi.
616 1713 751 1775 Sustines
761 1715 841 1774 enim
854 1733 916 1775 non
928 1731 1048 1792 parvam
1061 1712 1263 1791 exspectatio*-

189 1819 259 1862 nem
274 1800 436 1861 imitandae
451 1799 614 1860 industriae
630 1808 758 1871 nostrae,
775 1817 912 1877 magnam
929 1801 1088 1868 honorum,
1113 1816 1176 1860 non
1191 1799 1265 1858 nul-

188 1887 247 1947 lam
262 1889 389 1946 sortasse
405 1885 547 1945 nominis.
581 1884 743 1964 Suscepisti
758 1902 833 1944 onus
853 1893 1005 1963 praeterea
1020 1901 1106 1960 grave
1120 1891 1152 1944 et
1168 1883 1265 1943 Athe-

189 1990 299 2032 narum
312 1979 341 2031 et
353 1969 499 2048 Cratippi:
523 1969 559 2029 ad
574 1989 651 2048 quos
668 1988 735 2031 eum
747 1977 898 2048 tamquam
910 1971 945 2030 ad
959 1977 1155 2029 mercaturam
1168 1967 1269 2028 bona·
1290 1985 1327 2036 ιο

189 2076 256 2117 rum
279 2056 386 2117 artium
408 2055 448 2114 sis
469 2054 636 2132 profectus,
659 2054 779 2115 inanem
799 2055 895 2116 redire
916 2054 1124 2133 turpissimum
1147 2061 1193 2114 cst
1208 2053 1266 2113 de-

190 2142 381 2202 decorantem
399 2148 428 2218 et
445 2139 527 2200 urbis
543 2138 752 2201 auctoritatem
767 2147 797 2200 et
813 2139 954 2219 magistri.
999 2140 1099 2211 Quare
1116 2145 1267 2217 quantum

191 2227 282 2287 coniti
296 2225 395 2286 animo
411 2233 515 2303 potes,
543 2232 688 2304 quantum
709 2224 810 2290 labore
835 2224 1073 2286 contendere-
1088 2224 1114 2284 si
1126 2223 1268 2284 discendi

226 2380 249 2429 2.
273 2379 410 2446 cogitando
425 2381 631 2445 consequebatur:
656 2377 702 2430 auf
753 2381 784 2431 de
797 2379 948 2446 speelollere
960 2378 1108 2440 rerglicheu
1120 2378 1193 2428 wind.

191 2449 233 2500 dio
257 2463 286 2498 er
310 2449 366 2499 sein
387 2447 558 2508 Nachdenlren
580 2449 699 2499 richtctc.
791 2449 829 2499 10.
842 2447 968 2512 aquilam.
985 2447 1039 2496 Von
1054 2446 1268 2510 demBegrillder

191 2518 340 2582 cmmeqois.
354 2533 376 2566 z
390 2515 429 2582 Ιξ
445 2518 501 2567 116.
753 2516 845 2567 Pllicht
858 2517 960 2565 werden
973 2515 1015 2566 die
1027 2513 1269 2567 llinzelvorschrit-

225 2585 248 2634 6
269 2585 347 2664 plura
369 2586 437 2635 brevi
459 2589 577 2652 tempore.
614 2583 700 2634 Wenu
753 2591 796 2635 ten
810 2581 1269 2651 {proecoptubonceteoivendrlher-

191 2668 248 2705 man
268 2653 310 2702 dio
323 2652 431 2703 Periode
447 2660 523 2702 uuter
540 2654 636 2703 Caesen
652 2652 700 2703 ruit
754 2653 871 2718 geleitet.

192 2721 349 2784 eiurechuet,
370 2733 409 2770 wo
433 2720 486 2771 Cic.
509 2718 632 2770 ebanlulls
654 2735 700 2770 aus
790 2721 829 2770 12.
848 2721 975 2802 prq'neipe:
986 2718 1059 2784 152.

191 2787 337 2840 Misslulleu
354 2802 385 2836 an
404 2787 450 2836 den
465 2785 728 2851 Stuutsgeschiilteu
794 2789 831 2840 14.
863 2790 1060 2848 ammonere,
1077 2789 1179 2836 untdnt
1197 2803 1269 2838 wer-

174 2853 699 2914 ιιίιΙιι1ιιιινιίιιιιιιιιιιῆΙιοΙιιιιὸιιιιίἰιιιι
752 2857 812 2908 den.
836 2855 935 2906 Ebcuso
949 2869 1091 2924 personare
1109 2854 1139 2903 ad
1156 2853 1218 2905 lem.
1230 2855 1269 2908 Vl

191 2923 295 2985 hingab,
308 2938 337 2973 so
350 2921 469 2973 felleum
482 2923 551 2974 drese
561 2922 621 2974 Zert
633 2925 695 2988 (46
756 2925 795 2987 18,
817 2926 906 2975 liam
925 2927 1012 2974 temen
1031 2937 1170 2990 pertertare
1185 2939 1270 2975 oum

193 2993 238 3054 44)
251 2992 302 3040 alle
316 2991 388 3041 seina
407 2991 629 3058 philosophischcu
647 2993 700 3042 und
754 2996 809 3043 otus
819 2995 898 3043 heros
909 2991 979 3042 modi
989 2993 1089 3042 vocabas
1100 2994 1235 3041 nonest
1224 3008 1268 3042 m·

194 3059 372 3111 rhetorischen
386 3059 522 3123 Schrillen,
544 3077 635 3112 ausser
652 3063 699 3111 den
753 3061 826 3112 utile
849 3060 993 3110 hberuuch
1006 3059 1052 3108 das
1065 3057 1201 3110 Passivum
1214 3063 1270 3112 οἰν-

98 3152 100 3157 ·
192 3129 308 3179 biichern
321 3128 352 3178 de
365 3134 477 3191 oratore,
496 3130 527 3178 de
548 3145 577 3179 ra
591 3129 701 3195 publiea,
755 3143 903 3180 cumennora
897 3128 997 3178 steht
988 3143 1014 3178 ιι
1025 3125 1171 3178 demselbon
1177 3127 1269 3179 Smne

193 3199 224 3246 de
236 3197 345 3258 legibus,
358 3197 408 3246 und
419 3197 467 3246 deu
477 3196 701 3261 Jugeudschriben
793 3199 831 3248 11.
860 3211 912 3246 non
927 3211 1035 3264 parvam
1046 3198 1270 3262 arpocrationem

192 3265 242 3316 wic
254 3265 286 3315 de
297 3265 460 3314 inventione
454 3267 524 3328 ‚.vgl
537 3264 610 3330 113.
757 3271 806 3315 cet.
830 3264 876 3314 bie
889 3265 1027 3329 Adjectiva
1044 3279 1093 3313 non
1105 3277 1196 3330 parva
1207 3279 1269 3314 ma-

228 3333 367 3383 teneoras
383 3348 413 3382 uc
430 3332 532 3384 deserta
552 3334 635 3383 bildet
654 3333 702 3383 den
754 3348 818 3400 gna,
831 3348 880 3383 uon
890 3331 963 3382 nulla
973 3333 1029 3382 sind
1042 3332 1174 3382 bestimmt
1185 3332 1271 3383 durch

194 3399 338 3464 Gogensatz
356 3417 387 3450 zu
404 3403 554 3483 frugifera
569 3404 595 3452 ot
610 3403 702 3467 fruet,
758 3400 972 3451 dieSubstautiva
983 3400 1121 3464 industria,
1127 3400 1217 3464 bonor,
1220 3416 1270 3453 no·

194 3468 249 3520 also
273 3470 345 3520 nicht
365 3465 568 3550 ‘uuangobaut',
592 3470 701 3520 soudarn
755 3485 820 3519 men.
851 3467 1064 3530 bieldrwartuag
1081 3468 1118 3518 ist
1132 3467 1209 3519 liniue
1222 3483 1270 3548 ge-

191 3531 960 3601 ιδιΙο,ιιι1ιιιιι1ιῒ1ιιιι.ιίιιειιίιιιιϋιιι
971 3537 1016 3587 der
1026 3535 1097 3587 Elian
1107 3535 1169 3586 rein
1179 3537 1271 3599 gerin-

228 3606 359 3656 heum·
370 3604 545 3656 desertusit-
554 3609 619 3656 tuna
645 3605 701 3656 Vou
757 3621 802 3670 ger
815 3621 907 3656 waru
919 3621 939 3654 s.
953 3620 984 3654 w.

131 3671 141 3676 '
193 3673 259 3722 zwei
272 3674 351 3723 durch
362 3689 446 3723 cane
429 3677 512 3724 tum
521 3673 702 3724 verbuudcneu
794 3673 832 3725 19.
851 3689 915 3724 onus
927 3674 1103 3734 Athenarum,
1124 3671 1184 3722 aine
1204 3671 1273 3724 aut·

193 3740 287 3789 Siitzen
306 3741 376 3790 steht
387 3740 434 3790 dor
445 3749 515 3791 erste
528 3743 561 3791 im
574 3741 702 3806 conjunc·
756 3741 820 3805 gaba
834 3759 882 3792 von
896 3741 981 3792 Seiten
997 3741 1099 3790 Atheus.

192 3808 241 3872 tiv,
257 3823 329 3858 wenn
343 3825 372 3862 er
384 3811 458 3858 einen
471 3808 636 3872 allgemoinen
650 3807 702 3860 Ge·
791 3810 832 3860 2³.
850 3812 875 3859 ei
891 3807 1008 3860 discendi
1024 3808 1095 3859 labor
1113 3811 1150 3858 est
1166 3809 1269 3876 potius:

193 3875 292 3926 dunkou
305 3877 412 3939 enthiilt,
425 3878 473 3928 mit
482 3880 537 3928 dem
548 3879 594 3929 dor
603 3876 702 3941 folgen—
756 3877 943 3940 vollstiiudiger
960 3877 1049 3926 w‘u'rde
1067 3878 1113 3927 der
1125 3875 1187 3926 Sata
1199 3875 1271 3926 heis-
