2800 4506
424 273 468 322 DE
481 269 618 325 urricus
630 273 690 327 Lln.
702 273 741 326 111.
769 273 841 326 CAP.
854 279 877 326 7.
893 275 909 327 8

1162 281 1220 342 195

151 426 333 506 probabilius
358 427 475 503 ridetur
497 446 552 488 nee
572 434 725 508 praeterea
740 430 899 508 quiequam
915 429 1072 510 probabile.
1103 433 1145 492 ho
1158 434 1222 512 pri·
1241 449 1274 502 34

151 531 237 572 mum
252 511 284 572 in
300 512 356 572 hoe
373 512 532 573 Panaetius
552 512 759 576 defendendus
780 523 839 585 est,
862 517 943 594 quod
963 534 1025 577 non
1046 516 1130 579 utilia
1150 537 1220 578 eum

151 597 287 658 honestis
307 615 438 675 pugnare
459 597 615 676 aliquando
635 617 724 676 posse
744 599 851 660 dixerit
865 633 906 644 —
921 603 1115 681 nequeenim
1133 603 1159 662 ei
1175 605 1221 665 fas

151 691 215 743 erat
229 715 286 754 -,
308 683 360 742 sed
381 701 428 753 ea,
450 701 525 761 quae
545 683 717 746 viderentur
734 685 827 745 utilia.
857 684 934 746 Nihil
957 705 1026 746 vero
1046 688 1118 748 utile
1139 690 1221 768 quod

115 775 214 826 tnon
235 767 315 826 idem
335 768 513 839 honestum,
534 767 607 827 nihil
626 769 788 829 honestum
810 770 889 852 quod
910 771 1066 832 nunidem
1083 771 1155 832 utile
1171 774 1220 846 sit,

150 869 241 930 saepe
257 859 385 912 testatur
400 860 545 932 negatque
561 852 652 912 ullam
666 863 780 931 pestem
799 854 944 915 maiorem
961 856 993 916 in
1009 851 1100 920 vitam
1120 857 1221 918 homi-

150 956 226 997 num
246 937 391 997 invasisse
412 955 501 1016 quam
521 955 625 998 eorum
647 939 833 1017 opinionem,
860 940 910 1018 qui
934 940 990 1001 ista
1018 940 1218 1004 distraxerint.

149 1023 253 1100 ltaque
269 1039 330 1081 non
345 1030 380 1082 ut
395 1022 554 1102 aliquando
569 1016 821 1101 anteponeremus
841 1024 923 1086 utilia
942 1025 1093 1096 honestis,
1114 1027 1165 1087 sed
1186 1038 1221 1089 ut

150 1125 215 1167 eam
228 1107 294 1167 sine
305 1123 407 1167 errore
418 1107 658 1180 diiudioaremus,
671 1108 823 1186 siquando
837 1108 1001 1181 incidisset,
1012 1109 1129 1170 induxit
1143 1130 1218 1184 eam,

96 1205 128 1257 10
146 1210 225 1270 quae
240 1192 392 1252 videretur
407 1211 482 1264 esse,
499 1211 561 1252 non
576 1211 651 1272 quae
668 1202 754 1266 esset,
769 1195 1006 1273 repugnantiam.
1032 1195 1115 1256 Hanc
1128 1195 1220 1274 igitur

148 1283 265 1355 partem
284 1277 416 1338 relictam
437 1276 621 1355 explebimus
642 1279 731 1339 nullis
751 1279 952 1352 adminiculis,
973 1281 1036 1352 sed,
1053 1290 1086 1341 ut
1102 1280 1218 1352 dieitur,

147 1361 242 1422 Marte
258 1372 373 1422 nostro.
404 1361 508 1440 Neque
527 1361 607 1422 enim
619 1363 779 1442 quiequam
795 1371 840 1424 est
855 1365 892 1424 de
905 1366 961 1426 hao
975 1375 1058 1444 parte
1078 1374 1147 1444 post
1161 1367 1219 1426 Pa-

149 1447 283 1508 naetium
299 1447 491 1526 explicatum,
507 1447 586 1525 quod
603 1448 725 1527 quidem
741 1449 813 1510 mihi
828 1449 1016 1528 probaretur,
1037 1451 1073 1510 de
1088 1450 1125 1510 iis
1142 1469 1219 1530 quae

149 1533 181 1592 in
196 1549 304 1592 manus
320 1549 401 1592 meas
418 1541 574 1592 venerunt.

236 1616 311 1677 Cum
326 1616 416 1694 igitur
430 1617 527 1696 aliqua
543 1617 655 1696 species
669 1618 805 1678 utilitatis
822 1618 938 1680 obieeta
955 1627 1014 1689 est,
1035 1622 1218 1682 commoveri
1232 1629 1252 1683 8

147 1719 270 1763 neeesse
286 1709 339 1762 est.
371 1702 430 1762 Sed
445 1701 479 1775 si,
500 1720 568 1763 cum
588 1702 724 1762 animum
743 1703 915 1775 attenderis,
934 1705 1150 1784 turpitudinem
1171 1707 1217 1767 vi⁴
1235 1706 1267 1755 35

61 1841 66 1855 ,
147 1788 219 1848 deas
234 1785 405 1847 adiunctam
422 1787 447 1847 ei
464 1786 517 1859 rei,
534 1805 609 1867 quae
625 1787 755 1866 speeiem
770 1788 906 1850 utilitatis
918 1790 1061 1862 attulerit,
1076 1799 1141 1851 tum
1153 1808 1217 1853 nou

145 1872 260 1933 utilitas
276 1872 471 1950 relinquenda
484 1879 538 1943 est,
555 1872 606 1933 sed
621 1872 865 1950 intellegendum,
880 1873 932 1935 uhi
942 1875 1097 1952 turpitudo
1110 1875 1158 1949 sit,
1174 1874 1217 1936 ibi

146 1957 307 2018 utilitatem
322 1975 387 2017 esse
402 1973 463 2017 non
478 1975 576 2035 posse.
603 1958 689 2030 Quod
705 1957 731 2018 si
744 1957 818 2018 nihil
833 1965 879 2018 est
888 1967 948 2018 tam
961 1968 1064 2020 eontra
1077 1956 1220 2020 naturam

93 2050 125 2105 20
144 2057 235 2122 quam
250 2043 405 2120 turpitudo
417 2079 459 2089 —
471 2049 551 2103 reeta
567 2043 646 2102 enim
664 2051 693 2104 et
709 2044 918 2104 convenientia
933 2053 963 2106 et
978 2043 1144 2106 constantia
1160 2061 1215 2104 na·

144 2135 212 2188 tura
234 2126 383 2188 desiderat
403 2135 640 2207 aspernaturque
660 2128 808 2189 contraria
824 2163 865 2174 -
881 2129 1014 2208 nihilque
1029 2137 1090 2190 tam
1105 2145 1215 2190 secun·

144 2213 217 2272 dum
234 2220 372 2273 naturam
389 2231 479 2291 quam
495 2213 615 2284 utilitas,
633 2221 713 2274 certe
727 2213 759 2273 in
775 2214 880 2275 eadem
895 2233 929 2275 re
944 2215 1057 2275 utilitas
1072 2221 1101 2274 et
1117 2215 1216 2293 turpi-

143 2299 217 2358 tudo
239 2316 388 2359 essenon
408 2303 517 2376 potest.
547 2297 698 2378 itemque,
719 2299 743 2359 si
765 2299 801 2359 ad
821 2299 1011 2360 honestatem
1031 2299 1094 2364 nati
1109 2317 1217 2360 sumus

180 2508 202 2555 t,
220 2506 261 2554 Ae
274 2507 393 2572 primum
408 2507 434 2554 r'n
452 2507 498 2554 hoe
510 2512 558 2555 ent.
579 2505 652 2554 huet

141 2589 224 2637 gagen
237 2572 325 2623 diesen
333 2571 457 2624 Vorwurs
466 2572 502 2622 ist
513 2571 651 2623 Panaetius

141 2643 221 2692 sehon
233 2639 249 2704 ξ
265 2641 295 2691 18
307 2641 474 2704 vertheidigt.

176 2710 200 2759 9.
238 2723 307 2758 eam:
340 2709 415 2762 ntiml.
443 2711 649 2775 repugnantium,

141 2795 196 2828 was
206 2777 360 2828 absiehtlieh
369 2792 401 2826 an
411 2777 535 2826 dasltnde
545 2776 651 2839 gestellt

140 2847 185 2896 ist.
213 2844 260 2894 Die
272 2845 346 2896 lldss.
367 2846 449 2894 haben
470 2859 501 2894 aa
513 2875 533 2882 -
547 2843 651 2894 ruun-

140 2919 205 2964 reut.
235 2913 306 2963 Aber
324 2929 354 2963 eu
370 2911 474 2964 diludia.
489 2913 583 2962 k'o'unte
602 2927 652 2961 nur

139 2983 245 3032 heissen
263 2982 308 3031 des
320 2981 456 3032 Niitzliohe
468 2981 517 3030 und
530 2980 650 3030 sittlicne

139 3051 221 3100 durch
233 3050 279 3100 das
291 3049 393 3102 Urtheil
408 3049 577 3098 auseinander
593 3047 650 3096 hal·

138 3125 193 3168 teu,
224 3117 286 3168 llier
306 3119 402 3167 kommt
423 3131 450 3166 es
472 3118 534 3166 aber
547 3113 593 3165 aul
610 3115 650 3164 dio

137 3185 330 3248 Entscheidung
349 3185 420 3236 eines
438 3184 565 3246 etwuigen
583 3182 650 3232 Con-

140 3256 227 3306 lliotes
240 3271 279 3304 an.

173 3322 288 3386 induxti,
304 3324 350 3372 hat
369 3321 395 3371 in
409 3321 479 3371 seins
492 3319 651 3386 philosophi-

138 3392 199 3443 sehe
212 3390 409 3452 Untersuohung
419 3389 632 3452 hereingezogon.

176 3461 216 3509 10.
228 3473 293 3522 quae
304 3458 432 3509 uideretur
443 3473 498 3506 esse
508 3483 525 3492 -
537 3471 601 3520 quae
611 3472 651 3505 es·

136 3533 182 3590 ael,
196 3526 332 3576 soheinbar
346 3553 368 3560 -
379 3525 507 3575 wirklioh.

175 3595 224 3646 11„
233 3593 285 3655 sed,
298 3599 327 3645 ut
337 3593 442 3658 dieitur,
456 3591 539 3644 Marte
551 3595 649 3642 uestro:

136 3662 202 3715 Phil.
215 3662 237 3713 ll
255 3663 295 3727 at,
318 3661 350 3712 95
373 3677 423 3712 reu
441 3663 511 3710 enim
528 3663 584 3728 ipse
600 3675 650 3710 suu

136 3737 226 3798 sponte
247 3761 269 3768 -
292 3729 443 3794 simulatque
469 3728 568 3780 audiuit
593 3730 650 3778 eius

136 3803 278 3862 interitum,
296 3814 342 3848 suo
354 3797 436 3850 Marte
451 3813 494 3848 rer
512 3811 574 3847 suos
584 3799 650 3846 reet-

136 3869 244 3934 paratu.

175 3937 213 3986 13.
227 3935 295 4000 quod
305 3934 406 4001 quident
413 3936 480 3985 milri
486 3935 648 4002 probaretur:

707 2501 762 2552 also
774 2505 839 2552 aueh
851 2502 996 2554 dieSehriit
1005 2505 1049 2552 des
1059 2503 1215 2554 Posidonius

706 2571 1123 2636 niuht3s.Einl.§30u.z.§8.

743 2638 782 2689 15.
796 2642 949 2690 omnmonetd
960 2655 1060 2690 neeesse
1070 2643 1114 2688 est.
1134 2637 1215 2689 Eiuen

705 2705 835 2758 llindruek
845 2708 964 2758 mnssdas
971 2707 1064 2772 object
1069 2709 1115 2757 der
1124 2709 1216 2758 sinnii·

706 2777 768 2826 chen
778 2777 986 2840 Wabrnehnrung
998 2776 1160 2838 nothwendig
1171 2776 1217 2826 aul

704 2861 752 2894 uns
765 2845 877 2895 maehen.
897 2845 934 2897 0b
948 2847 997 2895 wir
1010 2846 1070 2894 aber
1083 2846 1138 2894 dem
1150 2843 1214 2894 Eiu-

705 2914 786 2963 druok
798 2914 958 2964 beistimmon
971 2912 1064 2964 wellen
1074 2913 1214 2976 (assensus,

706 2975 915 3098 goyquridtotc)
945 2982 1013 3031 steht
1043 2981 1069 3030 in
1105 2993 1215 3031 unserer

729 3063 784 3098 ewa
809 3086 815 3099 .
1075 3063 1078 3074 ³

742 3116 780 3166 17.
799 3120 854 3165 tum
872 3132 923 3166 nou
935 3115 1037 3166 utilitas
1049 3113 1214 3180 relinquenda

704 3187 752 3246 est,
772 3184 837 3233 daun
850 3182 909 3233 dorf
918 3199 975 3233 mun
987 3185 1031 3232 dus
1045 3183 1114 3233 nieht
1125 3199 1153 3232 so
1167 3199 1212 3231 an-

705 3253 791 3314 sehen,
804 3253 843 3301 als
857 3252 933 3301 sollte
947 3266 1002 3299 roan
1015 3251 1212 3301 seinenNutzeu

703 3319 836 3382 aulgeben.
854 3319 913 3380 Vgl.
926 3319 942 3384 ᾗ
955 3319 987 3368 30
999 3333 1049 3368 uon
1062 3319 1146 3382 igitur
1155 3333 1212 3367 ma·

702 3390 748 3455 ga'r
760 3393 798 3438 eat
809 3391 896 3438 eontra
908 3391 1038 3438 naturum.

739 3457 780 3507 20.
817 3458 988 3506 conuenientia
1010 3459 1034 3504 et
1056 3454 1212 3503 rmutuntiu:

704 3527 749 3576 das
768 3525 832 3574 Btise
851 3527 920 3574 steht
938 3524 1009 3574 nieht
1027 3523 1052 3573 in
1072 3520 1210 3571 Ueberein·

704 3594 841 3655 stimmung
851 3591 900 3642 mit
912 3593 957 3642 der
969 3587 1150 3652 verniiultigen
1161 3586 1214 3638 Na-

704 3668 756 3724 tur,
769 3658 871 3710 woreul
887 3661 941 3710 sioh
958 3659 1140 3720 conuenientia,
1162 3655 1213 3706 uhd

705 3731 739 3780 im
760 3727 948 3794 Widersprueh
972 3728 1020 3776 init
1044 3726 1100 3776 sich
1124 3725 1213 3788 selbst,

704 3796 806 3847 worauf
815 3797 871 3846 sich
883 3799 1029 3847 constantia
1041 3795 1149 3844 bezieht.

738 3865 780 3914 23.
806 3865 930 3930 itemque:
950 3865 994 3914 der
1013 3864 1107 3914 zweite
1127 3863 1212 3928 Syllo-

703 3933 808 3997 gismus,
822 3934 869 3983 der
880 3935 936 3984 sich
947 3949 997 3983 von
1008 3935 1063 3982 dem
1072 3933 1213 3993 verborge-

944 4021 994 4072 13*
