2768 4506
224 258 264 320 3‘2
560 256 603 308 DE
625 254 763 308 osricus
781 255 864 308 Llsl.
895 257 966 308 CAP.
982 258 1004 308 1.

224 419 362 472 mentum
379 411 554 473 hominibus
570 409 689 482 nostris,
702 417 736 471 ut
751 427 812 472 non
828 410 918 472 modo
935 410 1115 473 Graecarum
1132 412 1302 475 litterarum

224 498 324 569 rudes,
340 497 393 558 sed
410 495 499 558 ctiam
517 495 596 556 docti
612 495 797 574 aliquantum
814 513 846 555 se
868 494 1051 557 arbitrentur
1071 498 1195 578 adeptos
1219 501 1303 560 etad

89 600 91 604 ’
191 582 483 650 rdioendumctad
499 579 698 642 iudicandum.
735 581 830 653 Quam
852 580 890 641 oh
905 599 970 641 rem
985 581 1081 644 disces
1098 593 1132 644 tn
1148 584 1303 663 quidemn
1371 601 1372 614 ¹

226 666 362 746 principe
378 667 466 742 huius
482 666 588 727 aetatis
604 665 856 744 philosophorum
871 673 900 725 et
916 665 1013 727 disces
1029 685 1118 746 quam
1135 670 1188 728 diu
1202 669 1301 730 voles:

226 761 288 812 tam
305 751 357 812 diu
373 759 473 812 autem
495 751 567 811 velle
588 749 720 822 debebis,
742 751 841 829 quoad
862 758 891 810 tc
913 760 1061 830 quantum
1080 753 1219 832 proficias
1240 767 1333 815 nont

211 835 401 916 paenitebit,
417 837 469 898 sed
484 845 585 896 tamen
600 844 703 896 nostra
718 836 819 914 legens
835 852 898 896 uon
920 836 1048 897 multum
1064 855 1080 898 a
1094 838 1304 916 Peripateticis

227 921 410 992 dissidentia,
426 921 568 1000 quoniam
584 921 707 999 utrique
720 920 862 981 Socratici
874 927 904 980 et
913 920 1058 982 Platonici
1075 923 1209 983 volumus
1225 942 1302 995 esse,

228 1006 264 1066 de
279 1004 369 1066 rebus
385 1006 457 1085 ipsis
473 1013 559 1067 utere
574 1013 627 1065 tuo
642 1005 750 1067 iudicio
767 1040 807 1048 —
819 1005 893 1065 nihil
905 1004 985 1067 enim
997 1006 1127 1086 impedio
1140 1043 1193 1077 -‚
1209 1009 1304 1069 orati·

227 1110 317 1152 onem
330 1099 428 1152 autern
440 1091 575 1152 Latinam
588 1089 699 1150 efficies
711 1090 845 1168 prolecto
858 1090 992 1168 legendis
1003 1092 1112 1152 nostris
1124 1092 1302 1170 pleniorem.
1371 1125 1372 1150 t

227 1177 289 1238 Nec
302 1195 372 1236 vero
387 1177 445 1237 hoc
459 1182 633 1254 arroganter
647 1174 758 1236 dictum
775 1174 938 1236 existimari
954 1175 1052 1237 velim.
1079 1177 1154 1237 Nam
1169 1177 1304 1256 philoso·
1322 1187 1346 1238 tt
1371 1187 1372 1244 l

227 1261 339 1341 phaudi
353 1261 507 1322 scientiam
524 1259 692 1320 concedens
707 1260 818 1332 multis,
831 1261 911 1338 quod
932 1268 977 1322 est
992 1254 1117 1322 oratoris
1132 1263 1302 1342 proprium,

228 1354 305 1426 apte,
322 1345 470 1418 distincte,
486 1351 590 1405 ornate
605 1343 712 1417 dicere,
728 1344 871 1423 quoniam
885 1345 917 1406 in
930 1364 965 1405 eo
977 1345 1074 1406 studio
1087 1353 1215 1408 aetatem
1228 1367 1303 1409 con-

206 1469 210 1476 ·
229 1431 353 1509 sumpsi,
370 1431 396 1490 si
410 1431 440 1491 id
462 1428 534 1490 mihi
554 1448 683 1502 assumo,
706 1429 807 1489 videor
826 1429 856 1489 id
878 1448 945 1491 meo
969 1430 1035 1492 iure
1057 1431 1186 1510 quodam
1211 1435 1303 1494 modo

192 1533 207 1582 3
227 1515 387 1576 vindicare.
418 1515 512 1586 Quam
528 1515 566 1575 ob
588 1531 652 1574 rern
672 1529 853 1593 magnopere
873 1521 904 1575 te
925 1515 1042 1587 hortor,
1064 1516 1107 1576 mi
1127 1517 1246 1588 Cicero,
1270 1527 1303 1578 ut

228 1617 292 1660 non
307 1599 402 1660 solnm
419 1601 568 1659 orationes
584 1617 675 1671 meas,
690 1598 742 1659 sed
756 1599 812 1659 hos
828 1599 917 1661 etiam
934 1598 969 1659 dc
990 1601 1176 1679 philosophia
1199 1601 1303 1675 libros,
1323 1617 1346 1667 15

230 1685 282 1764 qui
296 1684 356 1745 iam
370 1684 428 1744 illis
443 1685 507 1744 fere
521 1703 554 1745 se
569 1692 744 1763 aequarunt,
761 1684 893 1745 studiose
907 1685 998 1763 legas.
1029 1685 1079 1746 Vis
1103 1685 1183 1746 enirn
1206 1688 1304 1749 maior

264 1821 288 1871 5.
307 1825 429 1885 quautam
437 1821 566 1886 proficias
575 1819 709 1888 upaend.
718 1821 736 1870 i.
791 1822 818 1870 in
831 1819 899 1870 caelo
910 1819 1054 1885 mundoque
1064 1825 1203 1889 perpulsi.
1229 1823 1304 1874 Anah

229 1888 416 1955 queritantem
437 1889 563 1956 proficias
585 1892 738 1953 pergratum
791 1889 825 1938 ius
865 1888 1047 1941 Grieehischen
1084 1890 1119 1939 ist
1155 1891 1304 1954 derartiges

229 1960 280 2008 tibi
295 1962 340 2008 eat.
360 1956 396 2008 ad
410 1957 465 2006 Att.
482 1957 493 2007 l
510 1957 556 2019 20,
578 1956 593 2004 3
610 1971 627 2004 a
642 1959 737 2006 senatu
791 1957 884 2020 hiiulig.

228 2026 391 2092 quantillum
402 2027 558 2075 minimam
568 2025 686 2090 paenitet.
700 2023 735 2072 ib.
828 2027 867 2077 10.
882 2022 950 2076 Nam
959 2023 1159 2092 philosophandi
1184 2026 1246 2076 Man
1259 2028 1304 2078 be-

228 2093 276 2144 Xll
294 2094 336 2155 28,
350 2093 364 2142 2
377 2108 426 2142 uon
438 2095 551 2159 paenitet
562 2107 603 2140 me
614 2095 736 2156 quantum
791 2094 864 2144 echte
877 2093 926 2142 den
941 2092 992 2142 Bau
1010 2095 1056 2142 der
1073 2093 1189 2144 Perinde.
1214 2094 1241 2144 ln
1255 2097 1305 2146 den

227 2162 391 2229 profecerim.
790 2161 932 2226 Hauptsatz
945 2159 1080 2211 concedens
1088 2160 1195 2212 -ve'deor
1207 2163 1244 2212 ist
1257 2164 1304 2214 der

264 2265 287 2312 6.
329 2277 380 2312 mm
396 2259 507 2312 mullum
524 2277 541 2311 a
559 2261 737 2326 peripateticis
789 2229 1306 2284 Nehensatastarsumomitseinenbei-

792 2364 860 2430 quod
868 2369 906 2416 eet
914 2368 1050 2432 proprium
1060 2365 1233 2430 uudquouiam
1244 2384 1306 2418 cau·

792 2436 872 2484 iuuari
887 2433 914 2482 in
931 2432 977 2483 der
993 2433 1084 2484 Weiss
1107 2435 1305 2500 cingesehohen,
1370 2451 1371 2468 ³

793 2502 853 2553 dass
877 2500 947 2552 diese
969 2501 1203 2566 untergeordncteu
1227 2504 1306 2555 Siitze
1370 2496 1371 2510 ¹

44 2336 121 2440 pm
135 2325 217 2561 W)
228 2329 396 2382 dissidentia,-
418 2331 495 2381 Apud,
509 2328 555 2395 16,
569 2327 738 2378 ppppudim,
792 2299 839 2348 den
869 2298 917 2347 ihm
945 2297 1177 2360 untergeordneteu
1208 2299 1305 2351 Siitzen
1360 2323 1364 2334 =

227 2399 374 2467 prudenter,
386 2400 412 2447 u*
418 2397 484 2448 alias
496 2413 551 2450 erse
562 2397 738 2460 Academicos,

228 2471 346 2534 quitum
364 2465 564 2534 appellarentur,
582 2464 647 2517 alios
664 2468 739 2516 Peri-

226 2539 352 2605 pateticos
369 2537 537 2586 arbitraretur.
562 2533 619 2585 Nur
635 2532 681 2584 auf
696 2536 738 2585 die

228 2605 378 2671 praktische
406 2603 570 2668 Philosophia
601 2601 740 2653 lliiclrsicht

229 2673 351 2722 nehmend
382 2671 488 2732 lengnet
517 2671 569 2722 Cic.
595 2670 660 2720 nach
683 2670 739 2720 dem

230 2741 366 2803 Vorgange
379 2739 463 2788 seinos
475 2737 586 2790 Lehrers
596 2739 739 2790 Antiochus

229 2809 277 2858 den
292 2806 458 2858 Unterschied
476 2807 604 2857 zwischen
623 2807 668 2857 ‹ler
686 2808 739 2872 pla-

228 2875 740 3006 ξ’(ἒῖᾞὲξέωξβΞίὅξοᾶξιῖἓξοὲιξῗέἱίῗ
793 2912 868 2962 rebus
886 2915 912 2961 et
930 2911 1011 2960 uerbis
1028 2909 1125 2976 dicunt,
1143 2912 1165 2959 u·
1181 2915 1244 2961 ssent
1263 2916 1309 2976 pue'

229 3011 311 3062 licher
321 3012 351 3060 de
361 3011 411 3073 leg.
424 3008 489 3075 1-21,
503 3009 543 3061 55.
563 3011 619 3063 von
629 3012 740 3062 demsel.
794 2978 882 3030 dmi
900 2983 1024 3042 ornata·
1041 2979 1161 3045 putidam
1173 2980 1209 3026 ita
1221 2980 1308 3030 mode-

230 3082 278 3131 beu
302 3078 478 3159 Standpunhte
490 3093 549 3160 ‘aus
570 3081 681 3131 urtheilt
704 3095 739 3143 er,
793 3049 949 3165 affimat
965 3061 1067 3112 mma
1080 3052 1121 3129 „ut
1135 3060 1308 3164 Pfflnarttnl

230 3149 289 3198 dass
307 3148 371 3196 auch
389 3149 673 3212 dsestorseheLehre,
693 3148 739 3198 der
812 3131 893 3180 ΨΜ
918 3116 1050 3182 ⁸s⁶r¹¹⁷²tr
1073 3131 1187 3165 “mm
1218 3131 1294 3184 ⁶⁰30
1367 3157 1370 3170 =

290 3215 295 3228 ·
443 3215 448 3228 ·
660 3218 666 3228 ·
728 3241 739 3251 ,
794 3181 1012 3247 nuenarianae,
1040 3183 1308 3248 puadeg'aaptnm

230 3213 413 3334 llllilsltl
427 3216 739 3335 lltttltlllltl.
794 3253 906 3302 ime...
924 3250 1040 3301 datrae
1062 3251 1099 3301 et
1116 3251 1174 3300 n..
1192 3252 1241 3299 unc
1261 3252 1306 3303 s..
1369 3265 1370 3274 κ

360 3367 380 3402 ..
476 3350 492 3416 a
506 3352 530 3402 ⁹·
795 3321 1018 3438 {tertiari
1037 3319 1307 3438 taalenu

264 3455 288 3504 8.
307 3453 338 3504 de
349 3454 426 3504 ruas
437 3456 503 3522 ipsis
515 3457 586 3505 utere
595 3458 639 3504 tue
647 3454 741 3505 iudicia
796 3455 888 3505 aclnen
899 3455 1060 3506 Ausdriicke.

231 3522 331 3572 entbiilt
349 3538 397 3572 nur
415 3522 472 3572 eine
490 3522 626 3584 beiliofige
640 3524 741 3573 hemer·
833 3523 872 3574 16.
885 3523 1306 3592 puiiamilltssereeeaepuaruut.

230 3589 306 3651 hung,
324 3591 373 3638 und
387 3589 464 3640 sollte
476 3591 564 3640 darum
576 3591 631 3640 dem
644 3589 740 3656 Haupt·
795 3591 923 3641 DicHdss.
932 3590 1013 3642 haben
1022 3593 1073 3644 illia
1085 3592 1143 3656 scre
1154 3598 1305 3654 aequarunt.

230 3656 360 3720 gedanken
369 3659 613 3723 oratiaaemesficr'es
622 3666 671 3710 cet.
682 3660 741 3710 suh·
795 3659 865 3710 Doch
878 3659 1013 3710 verbindet
1023 3659 1074 3710 Cic.
1086 3675 1197 3724 aequare
1207 3660 1250 3710 nie
1259 3663 1308 3712 mit

232 3725 345 3774 ordinirt
354 3725 424 3784 sein;
435 3727 487 3788 vgl.
499 3725 561 3791 §bh
573 3726 638 3792 §84
650 3727 740 3792 11517,
796 3729 851 3778 deur
860 3727 947 3777 Dativ.
971 3727 1029 3778 Man
1040 3744 1108 3778 muse
1119 3728 1198 3778 daher
1208 3735 1308 3780 antwe-

231 3794 262 3843 de
275 3792 325 3856 leg.
338 3791 359 3843 ll
372 3793 396 3854 l,
414 3793 444 3844 lc
457 3797 583 3844 aunuum
598 3812 653 3845 esse
671 3811 741 3862 apor-
796 3798 842 3846 der
851 3793 979 3862 ellissere
989 3814 1017 3846 se
1026 3801 1168 3862 aequarunt
1177 3799 1239 3847 oder
1249 3795 1309 3847 illos

231 3866 284 3912 tere
295 3866 349 3910 tam
360 3859 438 3911 stulte
446 3866 625 3927 arrogantem,
638 3867 667 3914 ut
675 3868 704 3914 iu
713 3882 741 3914 se
795 3867 888 3930 flaep.
909 3863 1050 3914 schreiben.
1094 3865 1145 3915 Cic.
1164 3864 1245 3916 meiat
1266 3867 1307 3916 ‘au

232 3931 358 3980 rationem
377 3934 401 3980 et
421 3933 533 3979 mentem
552 3935 625 3998 putet
648 3934 740 3998 inesse,
797 3929 904 3994 Umlaug
922 3932 1141 3994 gleichhommen!

794 2571 848 2620 dens
858 2569 1006 2621 Nebensatz
1020 2572 1044 2619 ri
1054 2569 1306 2634 asc'vorangestellt

793 2639 860 2688 sind.
873 2654 893 2688 s.
904 2635 1065 2700 Niigelsbach
1075 2637 1131 2688 Lat.
1144 2638 1201 2689 Stil.
1213 2657 1236 2706 p.
1244 2641 1305 2692 297.

830 2705 869 2759 12.
880 2709 948 2772 apte,
957 2705 1082 2772 distinete,
1092 2711 1187 2757 muare.
1196 2707 1227 2757 dc
1238 2717 1305 2761 orat.

793 2772 825 2826 lll
836 2775 876 2838 14,
886 2771 919 2824 53
929 2776 976 2837 qui
982 2774 1107 2837 distincte,
1116 2777 1161 2839 qui
1168 2776 1306 2842 explicate,

794 2846 839 2908 qui
858 2842 1031 2907 abundanter,
1059 2842 1104 2908 pai
1119 2839 1262 2894 illuminate
1282 2851 1307 2896 el
