2768 4506
206 228 248 287 42
508 220 802 276 onorrrcusuar.
828 221 973 274 carso.

206 379 329 441 suntad
345 396 394 438 eas
408 395 457 437 res
473 378 620 456 parandas
631 376 827 455 tuendasque,
836 375 944 455 quibus
957 375 1033 438 actio
1048 377 1124 437 vitae
1140 377 1284 439 contine-

206 474 264 536 tur,
280 471 314 524 ut
329 470 359 522 et
371 462 496 523 societas
511 461 667 523 hominum
685 460 916 540 coniunctioque
932 470 1066 522 servetur
1082 470 1112 522 et
1123 461 1218 522 animi
1231 483 1284 524 er-

206 548 343 610 cellentia
358 547 591 626 magnitudoque
605 564 673 607 cum
695 547 727 606 in
748 545 890 623 augendis
914 544 1020 625 opibus
1042 545 1284 627 utilitatibusque

208 641 238 694 et
252 632 310 694 sibi
326 639 355 693 et
370 633 433 692 suis
448 632 664 711 comparandis,
679 639 746 692 tum
762 631 857 691 multo
873 631 965 708 magis
980 631 1013 691 in
1029 631 1074 691 his
1090 631 1163 710 ipsis
1180 632 1283 713 despi-

206 717 322 778 ciendis
336 716 460 778 eluceat.
486 715 566 777 Ordo
577 717 650 777 item
667 725 696 776 et
712 715 877 776 constantia
889 723 919 775 et
929 716 1094 776 moderatio
1105 724 1134 776 et
1146 735 1191 788 ea,
1205 735 1285 796 quae
1305 731 1317 777 5

205 809 278 863 sunt
292 801 338 862 his
355 801 470 873 similia,
486 807 642 862 versantur
656 802 688 862 in
704 819 739 861 eo
755 817 873 878 genere,
889 801 926 860 ad
942 801 1022 879 quod
1044 808 1090 860 est
1111 800 1284 864 adhibenda

205 887 282 949 actio
298 887 452 965 quaedam,
467 905 530 947 non
544 888 643 947 solum
660 885 766 946 mentis
782 885 912 962 agitatio.
935 885 974 946 lis
990 885 1071 946 enim
1086 885 1188 957 rebus,
1206 905 1284 966 quae

205 980 371 1034 tractantur
381 971 413 1032 in
426 971 494 1043 vita,
506 971 629 1032 modum
642 971 793 1050 quendam
804 978 833 1031 et
846 969 982 1031 ordinem
994 969 1173 1032 adhibentes
1185 972 1285 1034 hone-

207 1064 314 1118 statem
330 1065 361 1116 et
376 1058 466 1118 decus
481 1056 732 1117 conservabimus.

170 1143 192 1196 d
292 1142 336 1202 Ex
351 1149 491 1220 quattuor
506 1150 608 1203 autern
623 1141 703 1211 locis,
719 1139 751 1200 in
767 1159 843 1218 quos
857 1138 976 1200 honesti
999 1147 1138 1200 naturam
1159 1141 1284 1222 vimque
1305 1153 1332 1200 to

155 1238 189 1288 ts
208 1227 373 1298 divisimus,
390 1227 577 1306 primusillc,
593 1225 690 1304 quiin
706 1225 784 1286 veri
801 1224 1023 1303 cognitione
1044 1224 1192 1299 consistit,
1218 1245 1282 1288 ma-

208 1312 286 1372 xime
302 1320 439 1373 naturam
456 1311 573 1388 attingit
588 1310 760 1370 humanam.
792 1309 904 1371 Omnes
920 1309 1000 1370 enim
1014 1310 1163 1372 trahimur
1178 1317 1210 1372 et
1226 1312 1284 1373 du-

207 1397 303 1456 cimur
318 1397 353 1457 ad
369 1395 547 1474 cognitionis
563 1403 593 1455 et
612 1394 752 1455 scientiae
771 1395 981 1473 cupiditatem,
1002 1395 1034 1454 in
1054 1413 1112 1474 qua
1134 1398 1282 1458 excellere

208 1481 365 1559 pulchrum
382 1487 531 1559 putamus,
547 1479 604 1540 labi
620 1488 720 1539 autern
735 1497 844 1551 errare,
868 1479 985 1541 nescire
1001 1479 1096 1558 decipi
1115 1489 1146 1541 et
1166 1483 1283 1542 malum

208 1573 239 1626 et
253 1573 342 1644 turpe
358 1564 502 1625 ducimus.
525 1565 560 1624 ln
576 1565 631 1624 hoc
645 1581 754 1642 genere
769 1572 798 1624 et
813 1565 942 1626 naturali
956 1571 985 1624 et
999 1565 1126 1625 honesto
1139 1566 1200 1628 duo
1212 1568 1284 1628 vitia
1305 1575 1331 1622 ts

207 1649 328 1712 vitanda
343 1657 427 1711 sunt:
443 1667 552 1724 unum,
568 1666 608 1710 ne
622 1649 771 1728 incognita
787 1668 841 1730 pro
857 1649 982 1729 cognitis
997 1649 1160 1711 habeamus
1183 1651 1283 1732 iisque

209 1853 326 1902 neswegs
351 1839 393 1888 dic
417 1838 502 1889 vierte
525 1838 631 1902 Tagend
662 1850 716 1888 σω-

207 1903 716 2041 ααίεαίοοοίαοοοο

206 2046 307 2094 actione
317 2047 390 2096 onoc.
404 2044 464 2094 Dies
479 2042 544 2091 wird
558 2043 590 2091 im
603 2043 715 2104 Folgon-

210 2113 258 2162 den
271 2114 416 2171 (cersoninr
433 2113 460 2159 in
471 2125 499 2158 eo
508 2124 604 2174 genera
616 2140 638 2148 —
650 2114 717 2161 actio

207 2179 343 2244 quaedum)
356 2195 405 2230 von
418 2180 465 2228 der
473 2177 613 2228 moderatio
626 2179 717 2229 beson-

208 2249 267 2297 ders
280 2247 435 2311 angogcbeu,
460 2245 510 2296 und
522 2247 600 2297 somit
613 2244 716 2297 lreilich

208 2329 259 2364 von
272 2315 313 2364 ihr
325 2314 432 2380 speciell
443 2315 489 2365 das
501 2323 646 2376 ausgesagt,
659 2331 713 2366 was

205 2383 277 2434 allon
289 2383 344 2433 drei
356 2383 515 2450 practischen
524 2380 659 2445 'lugendae
672 2400 717 2446 ge-

207 2451 330 2502 meinsam
342 2452 385 2502 ist.
407 2466 428 2501 a.
442 2451 555 2515 Madvig.
577 2467 610 2500 zu
630 2452 661 2501 de
673 2453 716 2502 lin.

207 2537 231 2584 p.
242 2518 332 2572 dxlv.
341 2520 438 2571 Mad.
454 2517 550 2571 lilaror
559 2519 594 2569 ist
602 2519 716 2570 diosclhe

205 2588 428 2652 Unterscheidung
450 2595 516 2637 orat.
535 2595 600 2652 part.
617 2588 664 2649 22,
683 2589 716 2638 76

203 2655 717 2721 ansgasprochcn:Esiigitnroirtntisuis

203 2723 318 2790 duplam
339 2727 385 2772 aui
402 2725 471 2772 mim
482 2725 589 2772 scicntia
602 2727 717 2774 emitur

205 2793 467 2842 mendicatione.
497 2789 566 2842 Nam
579 2807 643 2855 qnae
653 2805 718 2858 pru-

205 2859 295 2908 dentia
309 2888 321 2898 -
335 2856 487 2926 apponetur,
518 2860 580 2908 haec
608 2862 719 2909 scientia

201 2923 283 2995 pollet
295 2941 357 2976 nna.
387 2926 458 2988 Quae
476 2941 536 2976 aero
554 2925 719 2978 moderandis

203 2992 538 3062 cupiditatibnsrlondainr,
550 2995 606 3044 mna
614 3000 653 3046 cst
661 3012 719 3046 mn·

202 3061 413 3128 nucinagondo.

240 3133 264 3181 5.
284 3130 350 3182 Ordo
362 3133 431 3180 dem.
461 3121 616 3181 Das'laatein
635 3129 717 3183 hietat

204 3199 296 3250 kainon
307 3201 363 3249 dom
368 3199 544 3262 griechischen
550 3192 716 3270 σωφροσύνη

201 3283 270 3330 ganz
283 3268 500 3333 entsprachenden
513 3267 657 3331 dostruat,
672 3269 716 3318 da-

205 3351 260 3386 rnm
279 3349 347 3386 nausa
360 3335 414 3386 Cic.
438 3336 479 3386 die
491 3336 628 3400 Tagenden
655 3352 716 3386 nen-

203 3396 716 3538 cernenditernam

281 3507 288 3532 ‚
363 3512 369 3523 .
482 3510 488 3522 .

202 3543 383 3606 iernpamnlia.
395 3569 429 3578 -
437 3542 584 3590 constantia
596 3540 632 3590 ist
645 3540 716 3590 nicht

206 3607 441 3670 ‘Standhaltigkeit’
455 3611 592 3679 καρτερία,
603 3609 644 3658 die
657 3609 715 3658 cino

204 3673 328 3726 Unterart
337 3674 539 3740 dor'l'apierheit
550 3677 595 3738 ist,
605 3677 713 3726 sondern

204 3743 368 3809 Consequens
379 3743 714 3808 undhngemessenheitdcs

203 3811 353 3874 Betragens.

240 3881 263 3930 l.
288 3876 441 3941 lia-rebus,
462 3893 527 3944 qnae
549 3883 583 3931 tr.
608 3879 666 3930 di.
685 3883 712 3930 in

770 1840 868 1888 nodone
891 1853 986 1888 rernm.
1017 1837 1100 1888 Ueber
1124 1839 1172 1888 den
1187 1839 1283 1890 Unter-

770 1907 858 2039 {chied
870 1920 921 1956 von
932 1907 1052 1956 honestos
1069 1906 1119 1956 und
1137 1906 1216 1958 docus
1229 1911 1282 1971 vgl.

808 2044 847 2092 10.
865 2045 960 2090 notura
972 2043 1066 2106 vasque,
1079 2042 1124 2092 das
1137 2041 1247 2108 wesen,
1260 2061 1280 2096 s.

770 2109 787 2175 ξ
802 2109 847 2161 101
862 2111 900 2158 vis
909 2111 1057 2160 amianarum
1068 2114 1141 2174 ahpue
1153 2115 1260 2163 notura.

807 2178 846 2229 12.
864 2179 979 2242 attingit,
993 2193 1014 2228 a.
1026 2177 1043 2242 ᾗ
1055 2178 1095 2227 46.
1110 2179 1151 2230 m.
1167 2181 1224 2232 157.

804 2247 921 2294 manime
931 2249 1054 2295 naturam
1064 2249 1176 2312 attingit
1187 2250 1284 2300 ίιαοια-

769 2328 839 2363 nom.
863 2312 879 2376 ξ
892 2313 923 2365 13
936 2315 1107 2380 inprimisque
1118 2317 1234 2366 dominis
1244 2323 1285 2368 cst

768 2383 877 2449 propria
896 2383 953 2430 veri
967 2384 1105 2446 inquinatio.
1136 2382 1220 2434 Untcr
1232 2387 1283 2437 den

771 2449 929 2500 natiirlichcn
941 2448 1053 2501 Trieben
1078 2445 1145 2518 (ἀφο
1163 2455 1217 2518 nod
1228 2471 1285 2504 πα-

771 2519 806 2584 ρὰ
817 2509 935 2586 φύσεως)
944 2517 1219 2585 stalltendiestorhor,
1232 2523 1283 2574 wie

771 2585 824 2636 alle
842 2584 1017 2636 sokratischen
1030 2585 1208 2654 Philosophen‚
1232 2591 1283 2641 den

772 2652 1281 2726 Wisseustriebvornn(s.dagegen§t2).

770 2721 819 2772 llio
832 2715 964 2792 φρόνησις
981 2721 1102 2773 erhldrcn
1121 2725 1159 2774 sie
1195 2726 1280 2788 (Stoh.

774 2807 798 2856 p.
814 2790 871 2852 102)
896 2787 1032 2858 ἐπιστήμη
1045 2779 1084 2841 dv
1096 2793 1228 2856 ποιητέον
1237 2796 1284 2844 καὶ

772 2855 804 2908 οὐ
817 2861 946 2941 ποιρτέον
957 2862 1003 2908 καὶ
1020 2854 1178 2930 οὐδετέρων,
1194 2856 1284 2924 dine-

772 2923 859 2995 σιὴμη
872 2925 988 2994 αγαθῶν
1009 2928 1056 2977 καὶ
1066 2928 1158 2980 κακῶν
1169 2930 1217 2979 καὶ
1238 2927 1285 2982 οὐ·

773 2993 833 3047 doni
849 3010 895 3056 ων,
913 2995 963 3044 und
988 2994 1083 3045 ordnon
1107 2995 1149 3046 ihr
1161 2997 1218 3048 eine
1229 2997 1284 3048 An-

770 3063 829 3113 zahl
862 3064 984 3126 ngenden,
999 3063 1049 3114 wie
1059 3059 1193 3129 εὐβουλία,
1203 3081 1284 3118 νουν-

771 3132 855 3198 έχεια,
867 3125 996 3198 ἀγχίνοια
1008 3138 1091 3181 unter.
1122 3131 1177 3183 Cic.
1195 3142 1284 3185 warnt

771 3215 818 3249 nur
830 3215 878 3249 vor
891 3200 937 3249 der
950 3199 1174 3251 Unhesonnenheit
1186 3201 1220 3252 im
1232 3201 1283 3254 Ur-

770 3266 836 3318 theil
862 3268 912 3317 und
938 3268 995 3318 dem
1011 3265 1124 3319 salechan
1145 3267 1281 3320 Wissens-

770 3335 864 3400 triebe‚
883 3335 929 3386 der
952 3334 999 3386 aul
1014 3336 1125 3385 unniitao
1138 3335 1219 3400 [linge
1233 3354 1281 3403 ge-

770 3403 1282 3468 richtotistnnddiepractischenPllich-

770 3479 813 3521 ten
826 3471 1039 3536 vernachliissigt.

804 3541 935 3590 tradimur
957 3539 993 3590 ad
1007 3541 1161 3605 cognitionis
1181 3541 1281 3608 cupedi-

769 3597 860 3672 tatem}
881 3607 933 3658 di.
949 3609 1079 3658 trudinare·
1090 3605 1230 3676 cupiditate
1244 3611 1282 3661 od

768 3680 1071 3808 wgtbmddffi'gnercn
1081 3743 1198 3794 naturali
1202 3747 1280 3796 eido·

766 3814 846 3874 nasto,
859 3813 901 3862 bei
910 3811 994 3861 dieser
1004 3811 1118 3874 Gattung
1131 3812 1279 3865 dosNatur·

766 3880 817 3929 und
830 3879 1061 3943 Phichtgenaiisson.

232 4234 373 4484 ο
490 4100 866 4484 rs.
