2800 4506
353 220 398 271 uu
410 220 618 276 orrrcusurn.
629 220 670 274 ur.
698 221 769 272 cnr.
785 224 824 274 11.
837 183 905 273 ms
1085 225 1147 288 203

70 395 161 456 quern
178 376 307 460 populus
323 376 415 448 daret,
431 375 552 455 quicum
565 375 811 439 communicaret.
833 377 925 440 Datus
938 385 984 440 est
993 379 1146 442 Aristides
1238 429 1244 432 .

68 463 146 524 Huic
167 461 232 532 ille,
256 463 381 525 classem
399 460 720 533 Lacedaemoniorum,
745 481 820 540 quae
843 461 987 524 subducta
1011 472 1091 526 esset
1110 466 1147 526 ad

68 549 231 626 Gytheum,
247 547 323 608 clam
332 545 453 622 incendi
465 565 561 624 posse,
577 565 637 625 quo
647 546 724 608 iacto
734 545 831 624 frangi
841 546 1147 610 Lacedaemoniorum

68 653 142 712 opes
159 651 283 694 necesse
299 639 388 694 esset.
419 632 508 706 Quod
521 631 666 698 Aristides
681 649 751 692 cum
764 632 910 702 audisset,
926 632 958 692 in
974 634 1147 696 contionem

33 733 47 780 5
67 736 179 796 magna
195 715 416 796 exspectatione
430 715 511 778 veuit
522 716 655 795 dixitque
667 717 794 794 perutile
805 735 871 778 esse
882 717 1050 788 consilium,
1067 721 1148 798 quod

69 801 447 872 Themistocleeadlerret
462 801 513 862 sed
528 801 654 862 minime
668 802 839 864 honestum.
866 801 970 882 ltaque
981 803 1147 866 Athenien-

69 907 133 960 ses,
160 887 241 966 quod
261 888 421 948 honestum
446 905 508 954 non
530 892 625 956 esset,
646 886 675 946 id
692 905 730 948 ne
745 887 817 948 utile
834 887 955 965 quidem
969 897 1149 966 putaverunt

69 982 227 1052 totamque
243 991 309 1034 eam
322 990 398 1043 rem,
414 989 503 1049 quam
518 989 558 1032 ne
573 971 727 1034 audierant
741 971 873 1050 quidem,
890 979 1009 1034 auctore
1019 973 1149 1036 Aristide

68 1054 315 1138 repudiaverunt.
345 1055 448 1118 Melius
463 1056 494 1117 hi
511 1075 603 1135 quam
618 1075 684 1128 nos,
701 1057 752 1136 qui
762 1056 872 1135 piratas
883 1057 1033 1129 inmunes,
1051 1060 1148 1122 socios

22 1155 52 1205 10
69 1143 229 1222 vectigales
243 1142 397 1204 hahemus.

159 1227 279 1288 Maneat
301 1244 386 1303 ergo,
409 1225 490 1304 quod
505 1233 593 1304 turpe
608 1224 663 1295 sit,
686 1224 716 1286 id
733 1244 899 1304 numquam
915 1245 980 1288 esse
1000 1228 1085 1300 utile,
1110 1249 1148 1292 ne
1163 1240 1199 1294 12

69 1324 137 1377 turn
160 1312 297 1392 quidem,
320 1330 388 1372 cum
408 1310 451 1383 id,
474 1311 555 1389 quod
576 1310 649 1371 utile
666 1329 733 1372 esse
753 1319 854 1390 putes,
875 1311 1048 1390 adipiscare.
1086 1315 1149 1378 lloc

70 1400 154 1462 enim
170 1399 286 1476 ipsum,
308 1395 382 1456 utile
396 1403 502 1474 putare
517 1395 597 1474 quod
613 1402 703 1474 turpe
716 1396 764 1469 sit,
780 1397 984 1458 calamitosum
1000 1407 1069 1468 est.
1088 1400 1146 1462 Sed
1166 1410 1198 1458 50

69 1484 226 1554 incidunt,
247 1489 281 1544 ut
303 1480 485 1561 supradixi,
508 1500 596 1560 saepe
616 1499 737 1553 causae,
759 1499 829 1542 cum
849 1500 1018 1560 repugnare
1037 1485 1146 1546 utilitas

20 1583 50 1630 15
69 1568 224 1630 honestati
238 1567 381 1638 videatur,
396 1574 430 1627 ut
444 1565 743 1628 animadvertendum
755 1565 795 1626 sit
805 1575 993 1646 repugnetne
1009 1568 1097 1647 plane
1109 1590 1146 1632 au

66 1654 170 1735 possit
183 1671 253 1714 cum
268 1653 425 1714 honestate
441 1650 587 1730 coniungi.
617 1643 688 1712 Eirh
703 1652 820 1729 generis
837 1653 893 1712 hae
910 1661 981 1714 sunt
996 1657 1146 1732 quaestio-

71 1757 145 1801 nes:
169 1738 201 1800 Si
218 1737 343 1816 exempli
359 1735 451 1815 gratia
466 1735 511 1796 vir
528 1736 625 1806 honus
639 1735 823 1798 Alexandrea
839 1737 979 1798 Rhodum
1002 1757 1143 1818 magnum

71 1823 221 1886 lrumenti
236 1840 396 1882 numerum
410 1821 560 1882 advexerit
574 1821 607 1882 iu
621 1820 804 1882 Rhodiorum
816 1821 916 1900 inopia
930 1829 959 1882 et
969 1822 1048 1884 lame
1059 1843 1146 1886 sum-

74 1983 115 2039 14,
129 1979 162 2030 51
175 1981 249 2042 aque
261 1975 421 2026 lundoniam
434 1990 468 2024 an
480 1991 512 2024 ne
523 1989 586 2041 opus
640 1970 872 2039 Bondesgenossen,
893 1975 990 2026 welche
1002 1993 1048 2026 zur
1059 1977 1147 2028 Partei

71 2053 107 2098 sit
131 2046 232 2112 quadem
254 2045 320 2094 nihil
339 2056 463 2108 umquem
484 2045 585 2094 manino
640 2044 684 2094 des
705 2044 841 2109 Pompejus
861 2045 954 2106 gehdrt
972 2045 1074 2107 hatten,
1096 2048 1146 2096 wie

71 2115 272 2168 deeeseomieie.
294 2111 543 2164 Nameutlichwenu
557 2126 584 2162 es
640 2109 759 2162 Massilia
779 2111 812 2175 (ll
833 2111 905 2176 §eet
926 2113 976 2162 und
997 2113 1043 2162 der
1066 2112 1149 2178 lihnig

72 2184 175 2251 positiv
187 2182 271 2245 steht,
290 2183 337 2230 hat
357 2195 420 2246 opus
439 2182 479 2228 est
501 2177 586 2240 hiufig
639 2178 787 2244 Deiotarus,
800 2182 881 2230 denen
895 2179 988 2230 Cacsar
1001 2197 1047 2231 zur
1059 2181 1146 2234 Strnle

72 2254 164 2303 diesen
178 2251 253 2307 Sinu;
267 2248 306 2300 ed.
320 2247 379 2298 lem.
392 2245 403 2296 l
415 2248 439 2309 9,
453 2247 485 2296 25
504 2245 586 2312 legam
640 2247 716 2298 einen
726 2248 820 2298 Tribut
831 2247 953 2312 auflegte.
966 2249 1033 2300 Phil.
1045 2249 1066 2300 ll
1078 2251 1148 2302 c.3'l.

72 2322 203 2372 curiatam
227 2315 326 2368 consuli
344 2317 421 2382 serni
442 2330 506 2382 opus
523 2331 585 2377 esee,
676 2317 715 2364 14.
730 2317 1148 2383 oaueoe,cum-videatrtr,Fiille‚

73 2402 313 2440 neeessononeeee.
572 2427 574 2432 .
640 2399 681 2432 wo
704 2399 731 2433 es
752 2383 986 2434 scheinenlriinnte.
1018 2386 1147 2438 Der'Con·

109 2459 134 2508 3.
157 2451 296 2520 Gytheum,
321 2453 361 2502 die
384 2449 585 2500 Flottenstatiou
638 2450 741 2514 junctiv
762 2452 798 2501 ist
810 2451 971 2514 keineswegs
988 2453 1068 2504 durch
1089 2469 1148 2504 cum

72 2528 122 2576 der
144 2525 294 2588 Spartaner.
325 2517 415 2586 Polyb.
434 2519 455 2568 V
473 2519 502 2568 tu
521 2514 587 2568 ναύ-
641 2519 759 2582 badingt3
772 2534 792 2568 s.
806 2517 815 2568 l
829 2518 845 2583 ξ
859 2519 891 2568 32
904 2523 935 2568 ut
946 2522 978 2568 ec'.

73 2597 208 2660 σταθμον
231 2590 283 2640 τῶν
306 2585 547 2670 Aceedmpoolmr,
571 2578 587 2635 ὃ
679 2587 717 2636 16.
735 2587 782 2636 hae
804 2589 1041 2652 suntquaestionee.
1072 2589 1148 2640 Diese

71 2663 199 2712 καλεῖται
218 2658 270 2726 μὲν
291 2651 407 2718 Γύθιον,
430 2669 488 2719 εχει
509 2648 534 2703 d‘
557 2649 587 2704 ἀ·
641 2656 692 2705 und
705 2655 746 2705 die
764 2654 835 2720 §54
855 2655 895 2706 89.
914 2655 944 2705 91
959 2656 1148 2720 hasprocheneu

72 2729 173 2796 σᾳάλῆ
187 2727 293 2794 λιμένα,
304 2725 350 2788 τῆς
362 2721 391 2774 di
402 2719 507 2777 πόλεως
519 2721 554 2785 (d.
568 2723 585 2772 i.
641 2723 714 2776 F'aille
727 2724 826 2787 zeigeu,
838 2724 889 2773 wie
902 2725 943 2774 die
956 2724 1060 2775 Steilxer
1071 2725 1099 2774 iu
1109 2725 1149 2776 ih-

73 2797 182 2864 Sparta)
212 2789 311 2860 ἀπέχει
344 2789 407 2860 περὶ
446 2783 587 2859 τριάκοντα
642 2806 686 2844 rer
709 2800 782 2841 sonet
802 2808 830 2842 so
852 2792 1048 2856 rigoristischen
1066 2793 1149 2844 Moral

74 2854 185 2916 erdem.
229 2861 333 2922 0181,
358 2858 587 2922 1(456)11111111
643 2859 861 2924 einelvlilderung
879 2859 1148 2916 cintretenzulassen

73 2931 210 2986 Telmides
229 2929 270 2980 die
286 2924 588 2991 dortigcnSehillswerl·
642 2936 769 2991 n'nssten,
797 2929 837 2978 die
858 2929 928 2978 mehr
949 2945 980 2978 zu
1001 2931 1048 2980 den
1072 2930 1149 2980 laxen

73 2999 234 3053 tennieder.
260 3041 264 3048 .
643 2993 821 3046 Grundsiitzen
851 2997 896 3045 der
925 2995 1015 3060 Mcnge
1053 3006 1148 3062 pesste.

112 3055 587 3136 5.]11111111111111111111111113111.
640 3064 706 3114 llass
730 3063 784 3114 Cic.
814 3064 883 3113 diese
907 3063 1035 3128 Beispiele
1065 3066 1150 3114 wnhrss

74 3137 166 3190 Them.
182 3135 215 3184 20
227 3135 273 3198 τῆς
291 3125 422 3200 πράξεως,
442 3121 477 3191 ἣν
494 3127 587 3179 dravo·
620 3137 624 3144 ’
643 3132 782 3182 scheinlich
794 3147 844 3180 von
858 3132 913 3180 dem
926 3131 943 3196 ξ
957 3132 989 3180 89
1002 3133 1148 3184 erwiihnten

74 3209 147 3258 εἷται
182 3197 313 3272 πράττειν
349 3193 364 3247 0‘
396 3197 587 3264 Θεμιστοκλῆς,
642 3197 756 3249 helinton
777 3208 938 3249 entnommeu
950 3199 1004 3262 hot,
1016 3200 1052 3249 ist
1064 3201 1091 3249 in
1104 3201 1149 3250 der

74 3273 218 3346 μηδεμίαν
236 3267 306 3320 εἶναι
325 3262 395 3332 μήτε
412 3265 588 3316 lucinianae·
644 3267 794 3331 Eiuleitnng
806 3267 821 3331 ξ
835 3265 867 3316 30
881 3273 978 3330 gesegt.

77 3335 421 3474 tltetlttttt.
440 3398 588 3452 aaran
607 3469 610 3476 ,
643 3332 1149 3467 ..1111111111111111’11

75 3481 121 3530 des
139 3473 327 3538 Biirgerlxriegs
348 3469 475 3520 zwischeu
494 3466 589 3518 Caesar
643 3472 684 3522 die
703 3471 871 3538 llauptpliitze
889 3469 931 3520 fiir
949 3472 995 3520 deu
1015 3469 1149 3520 Getreide·

73 3547 127 3598 und
145 3542 282 3607 Pompeius
309 3553 396 3590 waren
419 3536 460 3586 die
484 3535 588 3588 Pircteu
642 3541 735 3593 handel
747 3553 844 3604 waren,
861 3540 907 3593 der
922 3533 981 3589 'eine
993 3535 1035 3590 fiir
1047 3542 1149 3606 Acgyp-

74 3615 177 3665 wieder
187 3612 246 3661 sehr
255 3607 369 3669 miehtig
379 3605 525 3668 gowerden,
537 3606 589 3656 und
642 3615 695 3670 ten,
714 3607 755 3658 dic
773 3605 957 3658 liornlxemmer
973 3605 1079 3658 ltaliens
1098 3607 1150 3658 und

75 3683 175 3733 Caesar
195 3681 267 3730 hatte
288 3675 344 3726 sich
361 3675 425 3724 noch
441 3673 514 3722 leine
526 3673 588 3725 See·
644 3675 855 3738 Griechenleuds,
866 3676 912 3726 der
924 3675 1003 3726 andro
1012 3673 1150 3726 1111111111-

75 3742 589 3812 muchtauschalleulrdnnen,umsiezu
643 3745 723 3795 asieu.
860 3749 863 3754 ’

75 3819 239 3871 veruichten.
679 3808 718 3862 18.
728 3811 859 3876 fremereti
867 3825 1150 3862 numerumnunerum

110 3889 196 3938 socios
226 3877 376 3944 vectigales,
408 3875 520 3926 1111111111
547 3877 589 3928 die
644 3880 1149 3944 111111111111011511,1111111151-
