2800 4506
150 247 154 256 '
233 229 295 290 202
525 226 569 278 DE
582 223 842 278 cunicmundi.
870 223 942 276 CAP.
958 225 997 275 11.

231 382 306 444 Nam
322 401 386 444 esse
401 400 455 460 prc
466 381 540 453 eive,
556 380 608 458 qni
620 379 692 440 civis
703 397 765 442 non
776 378 825 448 sit,
840 385 956 439 rectum
967 387 1013 440 est
1023 397 1085 440 nun
1097 379 1197 448 licere,
1214 397 1304 458 qnam

231 468 326 544 legem
343 468 475 528 tulerunt
495 465 708 544 sapientissimi
728 464 866 526 eonsules
882 463 1006 527 Crassus
1026 473 1057 524 et
1070 464 1225 526 Scaevola:
1247 483 1307 527 usu

232 571 302 613 vere
321 551 403 613 urbis
418 550 577 631 probibere
592 551 768 629 peregrinos
782 566 854 610 sane
865 549 1063 610 inhumanum
1073 557 1127 610 est.
1153 550 1206 610 llla
1215 568 1304 628 prae-

232 637 322 708 clara,
331 637 364 697 in
376 636 484 715 quibus
494 635 629 714 publicae
641 635 776 696 utilitatis
786 633 900 712 species
911 651 982 712 prae
993 635 1153 695 honestate
1165 643 1305 694 centem-

232 722 323 784 nitur.
351 707 443 784 Plena
459 723 663 799 exemplorum
679 727 724 780 est
739 726 840 780 nostra
854 737 902 780 res
918 718 1036 797 publica
1050 737 1120 780 cum
1135 737 1224 798 saepe
1238 726 1305 780 tum
1324 732 1340 780 5

232 824 373 882 maxume
384 806 461 867 bello
473 806 587 884 Punice
600 806 741 875 secundo,
756 822 831 883 quae
844 803 994 866 Cannensi
1006 803 1173 864 calamitate
1186 812 1306 883 accepta

232 891 359 954 maiores
374 892 491 952 animes
507 891 608 953 babuit
622 909 711 970 quarn
727 906 871 968 umquam
886 889 979 950 rebus
993 889 1148 950 secundis:
1169 889 1252 950 nulla
1265 890 1306 950 ti-

230 976 324 1037 moris
340 976 529 1055 significatio,
545 977 626 1038 nulla
641 974 756 1036 mentio
770 975 862 1052 pacis.
892 973 987 1036 'lanta
1002 975 1045 1034 vis
1060 982 1108 1035 est
1122 973 1256 1046 bonesti,
1272 981 1306 1034 ut

178 1068 210 1116 48
229 1062 358 1141 speciem
371 1061 506 1123 utilitatis
519 1061 666 1122 obscuret.
693 1059 893 1120 Athenienses
904 1077 971 1120 cum
984 1059 1142 1120 Persarum
1158 1059 1305 1138 impetum

231 1148 313 1208 nulle
323 1148 412 1207 medo
420 1153 544 1224 possent
553 1146 701 1207 sustinere
712 1151 949 1222 statuerantque,
961 1151 995 1204 ut
1004 1143 1077 1206 urbe
1086 1144 1190 1206 relicta
1198 1143 1307 1206 cunin·
1325 1158 1354 1207 10

231 1232 317 1310 gibus
338 1242 367 1292 et
384 1232 485 1294 liberis
500 1232 652 1292 Troezene
668 1229 813 1309 depositis.
824 1247 915 1292 rtaves
930 1231 1166 1290 conscenderent
1180 1229 1305 1290 liberta·

230 1325 354 1398 temque
366 1317 503 1378 Graeciae
515 1318 608 1378 classe
624 1315 830 1386 defenderent,
847 1314 993 1392 Cyrsilum
1008 1315 1158 1394 quendam
1173 1315 1305 1376 suaden-
1391 1363 1392 1376 .

229 1410 309 1474 tem,
324 1402 402 1463 utin
417 1402 492 1462 urbe
508 1409 664 1462 manerent
678 1400 866 1479 Xerxemque
880 1401 1066 1478 reciperent,
1086 1399 1237 1478 lapidibus
1249 1400 1304 1459 ob·
1391 1413 1392 1436 ¹

230 1496 367 1548 ruerunt.
397 1486 488 1567 Atqui
502 1485 551 1546 ille
566 1486 723 1547 utilitatem
738 1485 823 1563 sequi
839 1484 1005 1553 videbatur,
1025 1485 1079 1545 sed
1094 1503 1128 1546 ea
1143 1485 1226 1546 nulla
1241 1493 1306 1546 erat
1391 1479 1392 1560 i

177 1577 211 1626 49
229 1578 417 1650 repugnante
436 1572 602 1632 honestate.
640 1569 853 1631 Themistocles
875 1577 942 1648 post
962 1570 1114 1630 victoriam
1137 1570 1200 1631 eins
1224 1569 1305 1639 belli,
1326 1579 1355 1629 15
1391 1595 1392 1652 q

231 1656 312 1735 qued
328 1674 396 1716 cnm
412 1656 511 1718 Persis
525 1657 598 1730 fuit,
618 1655 691 1716 dixit
706 1656 738 1716 in
755 1654 894 1718 contione
908 1673 943 1714 se
957 1654 1066 1716 babere
1081 1654 1241 1716 consilium
1259 1655 1305 1716 rei
1391 1669 1392 1676 ’

229 1740 363 1829 publicae
380 1742 522 1812 salutare,
546 1744 599 1803 sed
614 1742 644 1802 id
660 1741 730 1803 sciri
746 1758 808 1801 nen
825 1757 901 1818 opus
917 1757 1000 1800 esse:
1023 1740 1186 1819 postulavit
1199 1749 1235 1801 ut
1249 1741 1303 1801 ali-

230 1912 310 1962 durch
321 1898 433 1962 welches
443 1911 614 1963 dieFremden
624 1911 737 1962 ausllom
788 1925 851 1977 pure
878 1924 967 1960 aarum
990 1925 1040 1978 pro
1062 1912 1159 1960 οἰνίῠοε
1177 1912 1304 1966 Romanis

229 1980 403 2042 ausgewiesen
416 1982 532 2043 wnrden,
545 1981 661 2030 erwiibnt
673 1982 737 2030 auch
791 1995 818 2028 aa
832 1983 948 2043 gereret,
971 1982 1115 2028 necessaria
1133 1979 1177 2029 tea
1189 1984 1245 2031 urba
1256 1987 1303 2047 eat,

229 2048 323 2098 Festus
346 2064 368 2111 p.
382 2048 440 2099 286.
468 2048 523 2111 Vgl.
538 2049 607 2097 Brut.
624 2049 665 2111 28,
688 2050 736 2097 1119
790 2050 820 2095 nt
830 2049 857 2094 in
867 2061 929 2096 anae
941 2048 1046 2110 quisq-ue
1055 2049 1168 2096 civitatis
1181 2051 1223 2099 ius
1235 2050 1305 2100 redi-

229 2115 384 2166 M.1²enmts
397 2116 482 2182 facile
498 2117 737 2180 agitacdiutribu-
788 2117 905 2178 geretur.
919 2114 1132 2182 Verumeulege
1147 2117 1306 2168 ilaalienuti
1391 2121 1392 2130 ¹

229 2189 291 2234 nutu
311 2183 336 2234 C.
356 2181 498 2234 &acetum
515 2183 637 2250 paullum
656 2189 738 2234 aetate
790 2184 875 2232 animi
908 2187 968 2234 sunt
988 2185 1137 2300 principum
1155 2184 1305 2236 italicorum

228 2249 384 2301 antecedens.
398 2251 487 2301 -sed
498 2254 522 2302 is
534 2254 622 2302 omnia
634 2268 737 2302 sumana
788 2251 949 2316 populorum,
961 2255 990 2302 ut
1000 2267 1030 2300 ea
1041 2265 1070 2301 ve
1092 2255 1212 2302 areauna
1223 2269 1304 2306 eausa

228 2317 479 2386 speransaedilieiua
495 2324 533 2388 est
548 2317 685 2372 mortuus.
710 2321 736 2371 S.
790 2317 850 2368 belli
863 2317 959 2382 Italici,
985 2319 1056 2384 quod
1075 2324 1134 2387 post
1160 2323 1305 2374 triennium

228 2386 368 2438 Mommsen
381 2403 402 2436 r.
418 2386 446 2438 G.
461 2387 481 2436 ll
494 2405 517 2454 p.
530 2388 570 2439 96.
791 2390 911 2438 exortum
923 2391 968 2448 eat,
981 2389 1072 2446 tuerit.

266 2449 410 2522 &Papius
428 2464 564 2506 crneuerte
583 2458 621 2506 als
641 2454 736 2506 Vollrs-
825 2453 848 2502 5.
884 2469 944 2504 eum
960 2470 1041 2534 saepe.
1070 2454 1139 2522 nlius
1156 2456 1246 2508 lassen
1260 2459 1303 2509 die
1391 2447 1392 2472 ¹

226 2523 315 2574 tribun
337 2524 369 2572 im
392 2523 415 2573 l.
432 2525 481 2574 689
500 2525 552 2590 (65)
574 2527 620 2576 dus
641 2524 735 2575 Gesetz
790 2520 913 2572 Luteiner
936 2523 963 2572 in
985 2525 1070 2574 dieser
1086 2522 1256 2588 Verbindu'cg
1279 2527 1304 2576 in

228 2593 272 2642 des
286 2591 392 2642 Pennus.
430 2593 501 2642 Cass.
524 2593 570 2642 llio
591 2593 632 2657 37,
655 2593 670 2643 9
690 2594 736 2642 καὶ
791 2589 836 2644 der
846 2589 925 2654 Regel
939 2605 1006 2654 νοω
1020 2591 1085 2641 decb
1097 2609 1117 2642 s.
1131 2589 1200 2656 §Sb

228 2658 362 2724 ἐντούτῳ
380 2648 480 2716 πάντες
503 2661 531 2710 οἱ
550 2661 579 2710 ἐν
597 2661 629 2729 τῇ
648 2653 735 2730 Ῥώμῃ
827 2659 866 2708 12.
883 2657 1010 2724 Cyretias:
1024 2659 1151 2710 Demosth.
1166 2660 1197 2710 de
1209 2677 1306 2712 corona

228 2727 409 2794 διατρίβοντες
436 2727 509 2802 plin
538 2729 592 2778 τῶν
614 2723 664 2790 τὴν
687 2729 736 2780 νῦν
790 2723 978 2791 ρ.296τόν<1’
1003 2723 1152 2780 ὑπακούειν
1171 2731 1231 2787 τοῖς
1243 2729 1304 2780 dm-

226 2793 350 2846 Ἰταλίαν
369 2797 520 2848 οἰκονντων
539 2795 668 2852 ἐξέπεσον
685 2799 736 2844 Γα-
790 2795 964 2862 ταττομένοις
984 2787 1208 2862 ἀποφηνάμενον
1228 2801 1306 2864 Κυρ-

228 2859 283 2942 ῗου,
309 2861 382 2916 τινὸς
419 2865 558 2944 Henaton
576 2859 737 2936 ,δημάρχου
791 2865 871 2944 nilque
893 2857 1132 2944 κμταμιθώσαντες
1155 2860 1188 2914 οὐ
1212 2858 1306 2932 μόνον

227 2926 737 3066 tttllaltt‘b.latitud
791 2931 1306 3068 tetulit.tt..lf..⁷ttttf⁶.tf

229 3063 299 3116 εἶναι
312 3067 451 3124 ξυνοικεῖν.
791 3067 869 3117 redot
887 3067 987 3118 erziiblt
1004 3083 1056 3116 ven
1070 3065 1194 3134 iiyrsilas
1207 3069 1303 3132 uiebts,

265 3137 287 3185 1.
306 3149 362 3184 esre
378 3150 427 3202 pre
442 3137 500 3198 ciue,
519 3135 576 3186 sich
593 3135 637 3185 dns
656 3134 736 3186 lleelrt
790 3135 859 3183 wohl
870 3136 931 3185 aber
943 3151 994 3184 vnn
1007 3135 1130 3204 Lykides,
1144 3137 1190 3186 der
1203 3139 1306 3201 gestei·

228 3217 278 3250 von
289 3203 405 3266 Biirgern
425 3219 567 3255 annassen.
601 3203 653 3252 Der
670 3205 736 3252 Ans·
791 3197 847 3266 nigt
860 3203 956 3265 wurde,
969 3203 1010 3253 als
1023 3219 1052 3254 er
1064 3203 1233 3268 irnFrith‘abr
1242 3207 1304 3267 479,

229 3270 309 3320 druck
321 3272 358 3324 ist
370 3287 416 3322 aus
429 3271 485 3322 dem
498 3271 608 3322 Gesetze
621 3277 735 3328 entuom·
791 3269 822 3319 da
841 3269 880 3322 die
898 3272 1012 3322 Athener
1029 3287 1085 3321 zum
1104 3273 1216 3322 zweiten
1230 3273 1304 3326 Male

228 3354 293 3388 men.
790 3339 830 3388 ihr
843 3337 912 3388 Land
924 3339 1058 3390 verlassen
1071 3341 1169 3401 hatten,
1183 3341 1304 3400 dieVor·

145 3463 147 3468 ¹
263 3407 286 3456 2.
313 3407 424 3458 Crassus
443 3411 468 3456 el
484 3406 609 3458 Scaevola.
642 3407 733 3456 Asson.
790 3406 892 3470 schlige
905 3407 950 3458 des
963 3405 1112 3457 Mardonius
1124 3410 1304 3460 anzunehnren

227 3475 254 3524 in
268 3475 320 3526 Cic.
334 3475 435 3525 Cornel.
451 3492 473 3540 p.
487 3477 519 3524 67
533 3475 613 3526 Orell.
625 3473 654 3524 L.
669 3473 736 3524 Lici·
789 3476 866 3524 rieth.

187 3539 191 3549 “
227 3545 288 3592 nius
302 3541 411 3593 Crassus
432 3547 521 3595 erutor
543 3548 566 3593 et
589 3542 617 3606 (l.
635 3539 736 3594 Mucius
825 3543 865 3596 14.
879 3541 972 3606 Atqui:
984 3543 1030 3592 und
1042 3544 1105 3592 dccli
1115 3543 1203 3594 scbian
1215 3559 1245 3595 er
1255 3545 1304 3596 das

228 3607 345 3660 Scaeuola
362 3611 394 3660 P.
406 3609 440 3661 M.
462 3611 544 3676 legem
565 3611 597 3662 de
616 3609 736 3675 regendis
789 3609 926 3661 Niitzliebe
939 3626 971 3661 zu
988 3613 1088 3672 rathen,
1110 3610 1173 3661 aber
1194 3609 1306 3664 freilich

228 3679 254 3725 in
272 3695 321 3728 sna
338 3680 438 3730 οἱντίαίο
455 3681 733 3731 soeiiea'nsuceonru-
789 3695 847 3730 u.s.
863 3693 894 3727 w,
909 3677 1047 3744 s.z.§13.

228 3744 283 3794 latu
306 3746 424 3796 tulerunt.
464 3745 528 3797 Cum
545 3751 616 3800 araim
633 3763 735 3798 summa
826 3748 865 3799 17.
884 3745 1122 3814 ideeirt'nenopus
1134 3763 1198 3814 esse,
1217 3764 1245 3800 es
1266 3748 1306 3800 sei

228 3811 366 3879 eupiditate
383 3817 493 3864 ciuitates
504 3815 636 3866 Romanae
649 3813 737 3864 Italici
789 3815 860 3866 nieht
872 3814 987 3878 heilsam,
1000 3813 1058 3864 dens
1072 3830 1100 3866 es
1109 3814 1307 3879 allgemeinbe·

224 3877 316 3946 pepuli
336 3884 482 3935 teneantur
505 3887 530 3932 et
549 3884 579 3935 eb
596 3882 624 3934 id
637 3898 736 3950 magna
789 3883 868 3934 kannt
881 3883 975 3934 werde.
994 3881 1094 3934 Ebensn
1107 3881 1124 3950 ξ
1137 3883 1192 3934 115.
1207 3884 1239 3934 de
1253 3901 1306 3937 am.
