2768 4498
211 198 252 261 gg
520 195 563 245 nu
576 187 713 246 currens
726 193 786 246 uu.
799 193 817 246 1.
844 194 971 246 clueo.

211 359 279 416 rant
294 369 350 413 nec
355 358 479 429 propter
485 348 840 428 pigritiamautignaviam
851 350 991 412 deserant
1002 350 1122 430 sintque
1130 351 1286 431 tranquilli

212 448 300 517 atque
316 435 397 496 omni
413 434 523 511 [animi]
536 435 761 514 perturbatione
772 443 906 496 careant:
924 455 959 496 ex
971 453 1031 515 quo
1044 435 1174 497 elucebit
1186 437 1286 498 omnis

212 521 376 584 constantia
392 519 550 599 omnisque
565 519 739 582 moderatio.
766 520 840 582 Nam
853 521 904 600 qui
919 520 1068 600 appetitus
1080 521 1198 600 longius
1214 541 1286 584 eva-

213 617 320 686 gantur
336 613 366 666 et
378 613 532 685 tamquam
548 607 714 668 exultantes
740 605 801 666 sive
821 606 969 684 cupiendo
984 605 1046 667 sive
1061 607 1206 684 fugiendo
1223 627 1287 670 non

213 692 283 754 satis
299 691 442 753 aratione
457 691 637 763 retinentur,
662 691 683 750 ii
708 691 775 752 sine
790 689 881 752 dubio
896 692 987 754 finem
1004 693 1172 754 atmodum
1184 701 1285 754 trans-
1303 706 1317 752 5

212 785 294 837 eunt.
317 777 502 856 Relinquunt
518 779 598 838 enim
615 785 645 838 et
659 777 791 839 abiciunt
803 775 1024 842 oboedientiam
1040 795 1096 839 nec
1111 779 1285 858 rationipa-

211 870 289 933 rent‚
305 863 353 922 cui
368 871 438 923 sunt
453 862 580 923 subiecti
594 863 657 942 lege
673 870 810 924 naturae:
838 882 854 924 a
876 863 984 942 quibus
1006 881 1068 924 non
1084 864 1175 924 modo
1193 864 1286 927 animi

212 948 434 1027 perturbantur,
444 949 496 1009 sed
511 949 599 1009 etiam
612 967 744 1027 corpora.
761 947 844 1009 Licet
859 968 910 1010 ora
922 949 985 1028 ipsa
998 967 1122 1010 cernere
1137 949 1284 1012 iratorum

213 1043 263 1095 aut
278 1052 392 1107 eorum,
418 1033 470 1113 qui
485 1042 536 1094 aut
550 1033 684 1095 lubidine
710 1035 807 1114 aliqua
823 1040 874 1094 aut
889 1043 970 1094 metu
986 1035 1127 1094 commoti
1145 1043 1219 1096 sunt
1235 1045 1286 1096 aut

213 1119 364 1196 voluptate
378 1120 470 1180 nimia
483 1120 628 1196 gestiunt:
652 1138 780 1198 quorum
797 1121 933 1181 omnium
949 1120 1049 1180 vultus
1065 1139 1163 1192 voces,
1187 1127 1287 1181 motus
1309 1130 1334 1180 nt

146 1215 193 1265 103
212 1216 365 1284 statusque
381 1215 543 1266 mutantur.
574 1204 618 1263 Ex
644 1205 753 1284 quibus
774 1205 846 1266 illud
866 1205 1060 1283 intellegitur,
1088 1215 1121 1266 ut
1143 1207 1180 1268 ad
1198 1206 1288 1266 efficii

212 1292 339 1353 formam
355 1299 546 1361 revertamur,
563 1291 709 1368 appetitus
726 1309 829 1350 omnes
844 1291 1061 1352 contrahendos
1077 1291 1287 1371 sedandosque

213 1397 276 1438 esse
292 1375 534 1453 excitandamque
549 1375 836 1437 animadversionem
857 1385 887 1436 et
902 1377 1092 1454 diligentiam,
1108 1385 1198 1438 utne
1215 1377 1286 1456 quid

213 1472 323 1522 temere
339 1480 373 1520 ac
387 1461 518 1530 fortuito,
536 1459 753 1522 inconsiderate
768 1461 1012 1540 neglegenterque
1024 1481 1156 1540 agamus.

298 1545 398 1622 Neque
415 1544 494 1605 enim
510 1545 550 1605 ita
566 1547 696 1623 generati
711 1567 727 1608 a
743 1555 849 1607 natura
874 1565 987 1619 sumus,
1016 1557 1050 1606 ut
1077 1548 1113 1608 ad
1133 1548 1241 1608 ludum
1258 1557 1288 1608 ct
1306 1563 1332 1613 15

213 1631 312 1692 iocum
328 1630 397 1690 lacti
413 1650 477 1692 esse
492 1631 654 1705 videamur,
670 1633 706 1692 ad
722 1632 907 1692 severitatem
923 1633 1022 1711 potius
1039 1641 1069 1692 et
1083 1633 1120 1692 ad
1136 1633 1286 1711 quaedam

213 1716 308 1776 studia
325 1715 554 1794 gravioremque
569 1717 691 1778 maiora.
708 1717 901 1778 Ludoautem
918 1717 1018 1778 etioco
1036 1717 1078 1778 uti
1093 1718 1143 1778 illo
1160 1719 1284 1796 quidem

212 1801 289 1875 lieet,
305 1801 355 1861 sed
372 1801 447 1862 sicut
460 1822 565 1862 somno
582 1813 611 1862 et
626 1802 774 1882 quietibus
790 1803 895 1864 ceteris
911 1811 985 1875 tum,
1003 1823 1068 1864 curn
1079 1804 1220 1880 gravibus
1236 1824 1286 1864 se-

210 1886 321 1966 riisque
336 1887 424 1947 rebus
440 1888 509 1948 satis
526 1887 693 1949 fecerimus,
722 1888 882 1967 ipsumque
897 1907 989 1966 genus
1004 1889 1121 1952 iocandi
1135 1908 1198 1950 non
1213 1909 1285 1968 pro-

211 1973 310 2033 fusum
327 1991 382 2033 nec
396 1973 618 2043 immodestum,
644 1974 695 2033 sed
719 1974 882 2050 ingenuum
905 1983 934 2034 et
960 1975 1088 2034 facetum
1104 1994 1170 2036 csse
1187 1975 1285 2036 debet.
1306 1987 1333 2036 re

212 2057 252 2117 Ut
267 2059 346 2117 enim
363 2058 462 2134 pueris
478 2077 539 2118 non
556 2077 675 2118 omnem
692 2059 812 2119 ludendi
826 2059 973 2122 licentiam
990 2061 1104 2131 damus
1133 2061 1186 2120 sed
1208 2081 1286 2135 eam,

212 2162 286 2220 quae
302 2143 337 2202 ab
353 2143 517 2202 honestatis
534 2143 699 2204 actionibus
716 2163 777 2204 non
793 2145 831 2204 sit
840 2145 945 2217 aliena,
962 2145 1004 2206 sie
1018 2145 1052 2205 in
1066 2146 1131 2224 ipso
1147 2145 1215 2207 ioco
1231 2147 1286 2206 ali-

147 2232 194 2282 104
213 2227 293 2304 quod
308 2227 393 2306 probi
409 2227 521 2304 ingenii
540 2230 643 2288 lumen
659 2231 778 2290 eluceat.
813 2231 926 2309 Duplex
953 2231 1076 2291 omnino
1098 2241 1143 2291 cst
1166 2231 1287 2293 iocandi

212 2330 314 2389 genuS,
331 2331 426 2371 unum
442 2312 595 2374 inliberale
611 2315 756 2392 petulans,
772 2309 950 2393 flagitiosum
966 2316 1139 2388 obscenum,
1157 2319 1287 2378 alterum

212 2396 328 2474 elegans
344 2399 502 2470 urbanum,
517 2399 705 2478 ingeniosum
726 2402 865 2460 facetum.
898 2403 963 2473 Quo
979 2420 1086 2480 genere
1108 2421 1173 2462 non
1195 2403 1287 2463 modo
1306 2411 1332 2458 25

212 2481 334 2543 Plautus
351 2493 452 2544 noster
468 2493 497 2545 et
512 2484 676 2547 Atticorum
693 2487 814 2564 antiqua
831 2487 991 2555 comoedia,
1013 2487 1063 2546 sed
1080 2487 1169 2547 etiam
1186 2487 1287 2566 philo-

212 2569 373 2646 sophorum
390 2570 609 2630 Socraticorum
635 2571 703 2631 libri
728 2571 829 2632 referti
850 2581 930 2642 sunt,
952 2572 1103 2650 multaque
1119 2573 1288 2639 multorum

210 2655 303 2713 facete
321 2654 407 2723 dicta,
424 2663 457 2714 ut
472 2675 514 2726 ea,
531 2674 605 2732 quae
621 2675 635 2715 a
652 2675 722 2716 sene
739 2657 849 2717 Catone
864 2659 984 2718 collecta
1000 2666 1162 2737 sunt,quae
1178 2669 1289 2719 vocant

210 2791 348 2853 gel'a'ufiges
372 2790 437 2838 Bild.
465 2791 530 2840 Dass
561 2791 601 2840 die
625 2791 719 2842 Tricbe
774 2793 812 2843 sie
831 2809 886 2842 war
908 2795 939 2843 im
963 2793 1146 2844 Uuterschiede
1170 2811 1222 2844 von
1240 2797 1289 2846 der

210 2859 259 2906 wie
275 2857 415 2907 hundelnde
434 2857 528 2908 Wesen
556 2875 587 2908 an
607 2861 718 2921 gescheu
773 2862 902 2912 mittleren
937 2862 988 2911 und
1021 2877 1132 2912 neueren
1162 2861 1288 2915 Ilumbdie

210 2927 314 2974 werden
337 2926 404 2989 zeigt
417 2926 471 2976 sich
494 2927 559 2976 auch
585 2928 611 2977 iu
636 2931 719 2992 oqui·
772 2929 1048 2994 durchwegpolitisch.
1074 2929 1290 2997 lbrellauptvcr-

210 2995 262 3043 bus.
773 3005 857 3047 treter
875 3000 933 3048 sind
952 2999 1146 3064 Aristophanes,
1166 3000 1287 3066 EupoliS‚

246 3081 269 3131 8.
288 3079 422 3129 sedetiam
440 3095 557 3146 corpore:
577 3083 616 3132 ein
634 3083 718 3148 Zeug-
773 3063 905 3149 Rffiifflff·
971 3138 976 3148 ²
1089 3137 1134 3148 ,.
1260 3137 1271 3146 -

211 3165 259 3210 ma,
272 3149 337 3198 deun
348 3149 498 3215 {conturbari
513 3149 578 3200 kann
593 3153 664 3202 nicht
679 3153 717 3202 ei·
808 3135 849 3183 27·
872 3135 1145 3186 5⁰⁰rat²⁰⁰l⁸uml²bl¹³²
1157 3135 1230 3186 Brut·
1242 3138 1285 3198 80,

211 3217 324 3278 gentlich
346 3233 396 3267 ,011
421 3218 468 3266 de„
489 3215 606 3284 qqgfpem
627 3228 719 3284 gesagt
773 3202 1289 3287 292egoirons'omillurn,quamirtSoqru-

210 3286 322 3351 werden,
336 3285 462 3335 viglmghs
475 3287 630 3353 demum
773 3270 891 3322 tedtennt
898 3273 991 3338 fecsse,
1001 3270 1128 3337 querellam
1137 3272 1254 3323 Platones
1262 3278 1289 3323 el

238 3376 276 3424 11·
289 3372 507 3438 officiiformam'
515 3375 562 3424 den
570 3373 719 3437 Begriffder
772 3337 943 3406 Xenophontis
966 3345 989 3390 et
1005 3342 1128 3390 Aeschini
1143 3339 1218 3390 libris
1237 3345 1288 3391 uli-

210 3440 309 3505 Piliclrt,
328 3439 343 3504 §
360 3444 390 3492 14
407 3442 524 3503 formam
542 3446 566 3490 et
584 3447 718 3506 tamquam
772 3412 829 3524 Ἐξ
842 3407 1195 3542 sfflffimcsttoselzffssgffi
1215 3414 1287 3476 pm·

204 3511 303 3574 faciem
317 3511 416 3559 kmi
426 3509 503 3560 vim·
793 3543 828 3591 ‘'ll
838 3541 889 3594 Cic.
898 3545 954 3594 bier
964 3546 979 3594 b
1027 3545 1103 3594 udcrs
1113 3495 1289 3595 aulmezpkmaw

773 3559 806 3592 ur
982 3561 1024 3596 eso
1233 3562 1245 3596 s
1264 3561 1289 3596 m

246 3595 284 3642 17·
309 3593 351 3651 ΨΟ
363 3594 478 3658 ᾳυῑᾶθϊηῑ
491 3611 511 3644 ⁸·
526 3611 548 3644 Ζ·
561 3595 577 3660 ἕ
590 3595 630 3646 66·
772 3612 886 3661 macheu.
922 3612 1028 3664 Plautus
1046 3612 1095 3662 und
1114 3613 1156 3662 die
1174 3615 1288 3665 attiscbe

242 3675 284 3723 ⁴13.
306 3677 449 3738 quietibus:
464 3693 484 3727 s.
498 3693 520 3726 z.
535 3675 551 3739 ς
565 3679 606 3727 dl.
773 3677 895 3730 llomddie
914 3683 1031 3732 erwiihut
1045 3696 1073 3730 er
1091 3697 1140 3731 nur
1151 3680 1288 3746 beiliiulig,

245 3743 284 3792 22.
298 3745 435 3794 honestatis
445 3747 585 3796 actionibus
597 3748 621 3796 d.
632 3746 649 3795 i.
660 3750 718 3808 act,
773 3748 837 3796 ohne
848 3749 927 3798 demit
937 3749 1069 3800 iuAbrede
1079 3749 1172 3801 stellen
1184 3767 1218 3800 zu
1224 3752 1289 3802 wol-

210 3827 273 3876 quas
285 3812 400 3860 borrestus
412 3815 575 3877 praescribit.
772 3813 822 3878 len,
833 3817 892 3866 dass
902 3817 958 3867 sich
969 3817 1010 3867 bei
1020 3818 1095 3868 ihnen
1110 3819 1174 3868 aueb
1185 3819 1233 3868 der
1244 3813 1289 3870 ob'-

244 3881 443 3930 abstrusorum
455 3884 559 3946 antiqua
573 3883 718 3934 emnoedc'a:
773 3899 848 3933 scene
862 3883 935 3936 Witz
948 3886 1022 3936 finde.
