2800 4506
241 235 302 296 172

527 231 570 280 DE
587 227 836 281 annuntiati.
864 228 935 282 CAP.
955 230 997 279 23.

240 389 401 451 clarissime
422 386 582 446 constituta
602 403 651 445 res
672 384 787 464 publica
809 384 998 444 dilaberetur.
1035 384 1096 446 Nec
1117 403 1191 446 vero
1212 386 1302 446 solum

240 477 304 554 ipsa
319 473 434 542 cecidit,
458 470 614 531 sedetiam
630 471 773 550 reliquam
790 469 943 530 Graeciam
959 471 1065 530 evertit
1080 469 1303 548 contagionibus

240 560 395 626 malorum,
422 575 498 636 quae
525 576 541 616 a
567 555 807 616 Lacedaemoniis
828 559 980 633 protectae
995 565 1196 616 manaverunt
1210 555 1304 617 latius.

241 641 339 718 Quid?
366 653 488 704 nostros
504 642 661 711 Gracchos,
677 642 721 700 Ti.
738 641 860 701 Gracchi
876 642 986 702 summi
1002 641 1058 700 viri
1073 641 1165 712 lilios,¹
1182 641 1306 702 Africani

184 736 217 787 81
240 739 373 808 nepotes,
391 745 491 788 nonna
507 727 636 805 agrariae
652 726 858 786 contentiones
874 723 1092 804 perdiderunt?
1116 727 1308 786 Atverohra-
1324 743 1335 789 5

239 824 289 876 tus
306 813 461 893 Sicyonius
477 814 542 873 inre
556 813 704 883 laudatur,
721 812 781 890 qui,
805 829 874 871 cum
891 813 955 874 eius
973 811 1073 872 civitas
1091 812 1307 890 quinquaginta

239 919 334 962 annos
349 918 366 959 a
381 899 513 979 tyrannis
528 906 703 968 teneretur,
728 897 878 976 profectus
897 897 982 975 Argis
1005 896 1166 976 Sicyonem
1192 897 1307 958 clande-

240 986 321 1046 stino
336 985 460 1045 introitu
476 983 548 1044 urbe
564 993 609 1044 est
624 983 744 1061 potitus,
762 1001 889 1060 cumque
903 990 1066 1062 tyrannum
1082 982 1238 1043 Nicoclem
1253 983 1306 1041 im·

239 1071 358 1151 proviso
374 1069 579 1149 oppressisset,
597 1078 748 1129 sescentos
761 1068 870 1135 exules
888 1068 940 1146 qui
951 1067 1180 1146 locupletissimi
1193 1071 1309 1128 fuerant

240 1157 303 1217 eius
319 1156 459 1230 civitatis,
487 1155 617 1215 restituit
642 1172 767 1232 remque
787 1152 932 1232 publicam
955 1153 1084 1214 adventu
1097 1171 1154 1214 suo
1168 1153 1308 1214 liberavit.
1327 1165 1348 1213 tc

241 1243 298 1302 Sed
315 1261 383 1302 cunr
396 1258 533 1318 magnam
549 1240 796 1299 animadverteret
811 1238 843 1296 in
857 1239 946 1299 bonis
958 1248 988 1298 et
997 1239 1242 1317 possessionibus
1254 1238 1307 1298 dit-

241 1329 411 1397 licnltatem,
428 1326 506 1405 quod
524 1333 552 1384 et
567 1343 627 1395 eos,
645 1343 721 1403 quos
736 1324 801 1402 ipse
814 1324 996 1396 restituerat,
1020 1343 1150 1402 quorum
1167 1324 1249 1384 bona
1265 1323 1307 1384 alii

240 1413 444 1492 possederant,
462 1429 547 1488 egere
562 1409 786 1488 iniquissimnm
806 1428 872 1469 esse
894 1409 1092 1469 arbitrabatur
1112 1419 1142 1469 et
1157 1411 1308 1488 quinqua-

240 1498 321 1575 ginta
336 1513 482 1556 annorom
498 1495 706 1574 possessiones
722 1495 837 1555 moveri
854 1512 915 1554 non
932 1494 1020 1554 nimis
1034 1513 1164 1572 aequum
1188 1495 1309 1574 putabat

239 1592 396 1662 propterea
412 1580 491 1659 qnod
506 1589 566 1640 tarn
579 1581 667 1658 longo
679 1580 774 1658 spatio
787 1581 878 1640 multa
890 1579 1215 1648 hereditatibus‚multa
1229 1599 1309 1658 emp·
1327 1597 1348 1645 15

239 1667 382 1738 tionibus,
405 1667 496 1726 mnlta
512 1666 632 1726 dotibus
647 1665 826 1725 tenebantur
841 1665 905 1726 sine
919 1664 1034 1737 iniuria,
1055 1665 1197 1725 indicavit
1213 1684 1308 1744 neque

240 1753 296 1813 illis
312 1751 402 1814 adimi
417 1771 472 1812 nec
485 1752 521 1812 iis
534 1771 594 1812 non
607 1751 678 1810 satis
694 1750 772 1821 fieri,
796 1760 923 1828 qnorum
938 1751 984 1810 illa
1001 1751 1137 1822 fuerant,
1159 1761 1308 1829 oportere.

187 1844 221 1894 82
240 1839 315 1900 Gum
330 1837 421 1915 igitur
436 1837 590 1898 statuisset
605 1855 679 1914 opus
694 1854 759 1896 esse
774 1836 810 1897 ad
827 1855 894 1896 earn
910 1854 974 1895 rem
996 1836 1245 1897 constituendam
1260 1856 1308 1915 pe

239 1925 332 1989 cunia.
348 1923 560 1984 Alexandream
577 1941 610 1981 se
626 1921 772 1999 proticisci
789 1923 860 1981 velle
878 1921 949 1981 dixit
970 1939 1094 1999 remque
1109 1921 1261 1999 integram
1276 1921 1309 1980 ad

239 2011 368 2071 reditum
384 2027 470 2069 snum
488 2007 572 2068 iussit
587 2025 660 2066 esse.
696 2007 781 2085 isque
798 2007 933 2066 celeriter
948 2007 984 2066 ad
1002 2007 1208 2067 Ptolemaeum
1226 2025 1311 2068 suurn
1326 2019 1349 2066 ro

238 2096 387 2174 hospitem
402 2094 491 2165 venit,
508 2093 558 2171 qui
574 2101 639 2152 tum
654 2091 796 2168 regnabat
812 2094 885 2153 alter
900 2101 968 2170 post
976 2091 1191 2154 Alexandream
1208 2093 1310 2154 condi·

239 2190 309 2241 tam.
354 2179 407 2239 Gui
423 2197 490 2238 cum
507 2176 692 2254 exposuisset
707 2177 832 2254 patriam
849 2177 1018 2238 se'libcrare
1035 2179 1108 2237 velle
1131 2197 1310 2257 cansamque

241 2265 399 2336 docuisset,
415 2281 511 2340 arcge
524 2263 665 2341 oprdento
678 2260 720 2320 vir
731 2281 866 2323 summus
875 2262 960 2323 facile
972 2261 1151 2340 impetravit,
1159 2273 1195 2323 ut
1207 2263 1309 2342 grandi

240 2420 346 2470 worden
365 2419 388 2468 ⁵4
410 2419 527 2485 Ephorco
554 2419 670 2483 getddtet
698 2417 747 2465 uod

241 2489 273 2539 80
292 2489 439 2554 Spartiaten
457 2488 615 2549 ver-trieben,
634 2487 675 2536 dic
694 2485 748 2534 sich

239 2555 730 2621 damPlanedeslidnigswidersetzton.

275 2627 298 2676 3.
328 2641 390 2690 puae
406 2628 619 2674 -manaocramiz
648 2623 695 2673 Sil.
715 2621 746 2671 lt.

240 2693 276 2744 Xl
290 2694 319 2744 12
331 2693 380 2744 Ceu
389 2691 447 2743 dha
454 2708 500 2758 per
509 2709 595 2742 omncs
606 2694 747 2741 manarunt

237 2762 343 2829 populos
348 2760 427 2828 foedi
437 2764 554 2825 eordagm
565 2762 656 2809 morbi.

274 2833 299 2878 4.
318 2830 453 2894 effricari:
471 2829 525 2891 vgl.
538 2845 559 2877 z.
572 2827 588 2893 ξ
600 2830 642 2877 43.

276 2899 298 2945 5.
317 2898 419 2946 Aratus
436 2894 576 2960 Sicyonius.
607 2895 654 2946 Als
667 2894 746 2945 Arats

240 2964 322 3014 Vater
340 2962 451 3024 lilinias,
479 2965 524 3014 der
548 2965 585 3014 als
604 2965 747 3027 gewiihlter

240 3034 340 3082 Archon
348 3033 440 3098 Sicyon
447 3033 567 3098 rogiente,
577 3034 747 3083 durchban·

241 3100 308 3151 tidas
321 3101 448 3151 ermordet
459 3102 554 3163 wurde,
572 3103 665 3152 koonte
682 3102 746 3150 auch

241 3171 306 3220 brat
333 3169 406 3219 haam
433 3171 488 3220 dem
506 3169 575 3221 Tode
601 3171 744 3220 entfliehen.

239 3237 322 3288 Einen
342 3239 387 3288 der
405 3237 558 3302 Nachfolgcr
580 3241 624 3290 des
637 3237 744 3289 Abanti-

240 3308 293 3372 das,
304 3306 634 3373 denTyranncoNikokles‚
647 3307 745 3358 stiirztc

239 3377 303 3426 Arat
315 3377 354 3426 als
369 3375 516 3441 ldj'ahrigsr
529 3376 652 3439 Jiingling
664 3374 744 3437 (251).

240 3443 276 3494 ΕΓ
299 3446 387 3507 bcwog
416 3445 484 3494 seina
509 3443 660 3495 Vaterstadt
689 3458 745 3492 zum

239 3513 389 3564 achiischcn
404 3513 486 3563 bande
499 3529 531 3562 zu
547 3519 641 3576 treten,
654 3511 744 3560 dessen

238 3580 329 3632 Leitcr
347 3597 376 3631 er
388 3582 475 3646 spiiter
487 3582 583 3630 warde.
609 3580 644 3630 lm
657 3580 679 3628 J.
695 3579 743 3629 213

239 3649 302 3698 liess
329 3649 372 3699 ibn
391 3649 490 3716 Philipp
510 3666 560 3699 von
580 3649 745 3700 Macedonian

240 3715 374 3780 vergilten.

277 3785 313 3834 13Ἰ
325 3784 499 3851 possederant,
513 3785 539 3834 in
548 3785 633 3836 Besitz
643 3801 746 3849 genom-

239 3867 287 3900 nen
300 3854 400 3913 buttem
412 3853 468 3903 also
482 3853 553 3904 nicht
562 3871 611 3905 von
618 3853 743 3921 possideo⁴

240 3919 340 3969 Ebenso
354 3919 370 3984 ξ
383 3920 425 3970 19.

835 2421 1020 2484 quinquaginta
1048 2433 1178 2468 annornm
1206 2435 1309 2485 posses-

800 2489 891 2536 siones.
922 2487 968 2536 nie
982 2485 1133 2550 Fliichtigen
1153 2501 1244 2536 waren
1258 2503 1309 2536 zum

802 2554 875 2605 'I'heil
896 2557 973 2606 schon
990 2571 1038 2604 vor
1051 2553 1155 2605 lilioias
1173 2553 1237 2604 Zcit
1255 2571 1310 2606 vcr-

800 2623 915 2685 tricben3
929 2623 995 2673 Plut.
1009 2624 1082 2672 Arat.
1096 2624 1120 2672 9.

837 2693 876 2743 19.
894 2695 1033 2756 integram,
1046 2692 1069 2740 d.
1083 2691 1101 2742 i.
1114 2694 1250 2742 intactam.

836 2760 876 2809 22.
897 2759 1012 2810 liberare.
1041 2760 1095 2809 Zur
1112 2759 1254 2824 Bcfreiung
1270 2775 1310 2822 gc·

799 2829 859 2878 hiirt
872 2830 943 2878 nicht
954 2828 1011 2878 blos
1025 2828 1065 2878 die
1077 2828 1258 2892 Vertreibung
1270 2831 1310 2879 des

800 2895 947 2963 Tyrannen,
972 2897 1083 2947 sondern
1102 2899 1166 2947 auch
1187 2898 1229 2948 dic
1249 2897 1310 2948 Ord-

801 2981 868 3028 hung
886 2966 930 3014 der
954 2966 1045 3015 innern
1065 2965 1310 3028 Angelegenheiten.

799 3033 824 3082 ln
839 3034 935 3084 diesem
947 3035 1069 3084 wulteran
1080 3034 1158 3084 Sinos
1171 3035 1245 3085 steht
1255 3035 1310 3085 hier

800 3102 916 3151 liberare.

833 3185 940 3220 cansam
959 3169 1098 3220 docuisset:
1123 3171 1166 3221 die
1184 3171 1309 3232 Sachlage

799 3238 951 3299 deustchen,
978 3239 1020 3287 ein
1034 3240 1173 3290 stebender
1186 3239 1308 3291 Ausduclr

800 3307 954 3356 narnentlich
980 3308 1020 3358 bei
1038 3308 1229 3372 gerichtlichcn
1251 3324 1306 3358 rer-

799 3375 964 3438 handlungco.

834 3443 874 3492 23.
891 3444 990 3510 grandi
1000 3446 1116 3512 pecunia.
1146 3443 1309 3496 Ptolemaeus

799 3509 981 3577 Philadelphus
999 3513 1047 3575 gab
1061 3512 1112 3562 ihm
1126 3513 1176 3563 150
1190 3513 1309 3572 Talentc,

799 3581 878 3630 theiis
890 3581 950 3630 weil
963 3582 1013 3631 ihm
1027 3581 1105 3630 daran
1119 3581 1162 3645 lag
1174 3583 1311 3634 diubiasc-

799 3649 889 3698 donier
901 3665 948 3699 aus
961 3651 1016 3700 dom
1029 3647 1190 3714 Peloponnes
1203 3668 1233 3702 zu
1250 3666 1310 3702 ver-

799 3719 920 3781 driiogen,
933 3735 973 3768 um
986 3717 1067 3767 selbst
1079 3718 1139 3769 dort
1150 3719 1265 3772 liinllass
1279 3735 1310 3768 zu

797 3786 937 3851 gewinncn,
950 3785 1028 3837 theiis
1042 3785 1102 3836 weil
1115 3787 1168 3837 ihm
1174 3788 1240 3838 Arat
1255 3786 1310 3838 trti-

797 3853 844 3904 her
862 3853 928 3904 aner
946 3855 1099 3904 werthvollc
1119 3853 1243 3907 Gemilde
1263 3871 1309 3906 aus

798 3919 984 3973 Gricchenland
996 3923 1129 3986 geschickt
1139 3924 1220 3975 hatte.
