2768 4498
416 239 461 290 nn
474 201 687 290 nuncnsun.
701 241 718 289 1.
747 239 819 291 nnn.
832 241 873 291 45.
1120 242 1174 303 121

105 396 198 456 rendo
221 393 319 457 officio
335 393 406 474 quid
423 395 530 474 cuique
544 394 584 454 sit
598 397 841 474 praeponendum
858 395 966 456 videre.
995 395 1030 455 ln
1046 395 1110 474 ipse
1125 413 1179 456 au-

105 489 166 542 tem
183 479 401 543 communitate
416 487 488 540 sunt
499 481 609 557 gradus
625 479 804 553 officiorum,
820 480 976 560 exquibus
988 481 1059 560 quid
1071 480 1178 560 cuique

104 573 236 644 praestet
250 564 382 643 intellegi
397 565 502 645 possit,
517 573 552 624 ut
566 564 661 644 prima
681 566 726 627 dis
741 565 958 642 inmortalibus,
979 566 1110 627 seeundo
1125 585 1180 645 pa-

103 649 190 723 triae,
221 650 308 712 tertio
323 650 506 728 perentibus,
530 650 670 730 deinceps
691 651 839 732 gradatim
859 651 982 729 reliquis
1004 651 1178 713 debeantur.

71 743 85 792 5
104 735 222 810 Quibus
238 755 271 796 ex
288 735 379 796 rebus
394 733 527 796 breviter
538 735 697 815 disputetis
710 735 841 814 intellegi
853 743 951 814 potest
962 754 1025 796 non
1039 737 1136 797 solum
1147 736 1178 796 id
1203 740 1249 792 161

103 820 245 884 homines
261 820 509 892 soleredubltnre
525 822 725 884 honestumne
733 841 772 883 ou
781 830 868 900 turpe
876 821 927 893 sit,
940 822 992 882 sed
1005 821 1178 883 etiamduo-

104 905 162 970 bus
176 905 340 985 propositis
355 905 491 967 honestis
508 914 611 968 utrum
625 907 780 970 honestius
796 907 843 966 sit
867 906 922 966 Hie
935 908 1018 968 locens
1033 925 1049 968 a
1065 907 1179 968 Panae-

103 990 145 1051 tio
163 999 219 1062 est,
243 998 276 1052 ut
291 1008 382 1070 supra
397 991 466 1063 dixi,
483 992 720 1070 praetermissus.
744 992 802 1052 Sed
817 992 878 1052 iam
893 993 929 1053 ad
944 991 1057 1072 reliquo
1072 1009 1177 1070 perga-

103 1096 183 1138 utus,

102 1211 185 1278 mdes,
198 1229 212 1262 e
223 1212 317 1276 quillus
328 1215 484 1278 argumenta
495 1227 621 1279 women·
665 1213 747 1262 liedes
768 1211 832 1262 iiber
852 1212 921 1262 dione
945 1211 1113 1264 Stuieoleiter
1131 1213 1177 1263 der

102 1286 156 1332 tur.
194 1279 559 1342 luminundationis,
574 1281 622 1332 «les¹
665 1281 894 1346 Verpllielutungon
914 1282 992 1332 findet
1013 1281 1069 1332 sloh
1091 1299 1113 1332 o.
1137 1282 1176 1332 l'l.

102 1349 179 1413 Fun,
191 1345 239 1399 auf
245 1348 302 1400 dem
312 1349 353 1402 die
363 1349 495 1400 einzelnen
503 1348 620 1400 Beweise
666 1350 726 1400 lller
735 1365 791 1400 wer
800 1351 842 1402 die
848 1349 1006 1414 noehmtlige
1013 1349 1177 1414 drothouog

102 1415 233 1480 gerunden
250 1417 362 1468 werden.
399 1416 483 1467 Weno
500 1417 552 1467 wir
564 1418 620 1466 also
666 1418 827 1483 tibertliissig.

103 1485 176 1536 loson
192 1487 249 1537 hier
269 1485 402 1552 Prineip
413 1485 573 1548 dhorndune,
591 1501 620 1536 so
701 1486 726 1536 8.
742 1490 770 1536 ut
786 1501 867 1553 supra
885 1486 956 1536 dixi:
975 1484 1036 1552 §tt
1054 1487 1106 1536 und
1120 1487 1175 1536 152.

103 1555 140 1604 ist
152 1555 202 1604 das
215 1554 288 1606 nieht
300 1569 364 1620 genn
376 1569 466 1617 semu.
666 1555 821 1605 Ausseoden
834 1555 952 1606 dusselbo
966 1553 985 1604 ll
998 1551 1015 1618 ᾗ
1027 1554 1068 1604 88.

137 1623 164 1674 2.,
189 1621 295 1690 gradus
307 1623 458 1689 ostiolorum
495 1621 622 1674 Aussdhr-

429 1907 858 1920 ⁴--—·--——·---·-—·--—---——·-
