2768 4498
217 183 277 244 166
497 179 541 230 ΒΕ
554 177 689 233 odricus
700 179 760 230 LlB.
772 176 801 229 ll.
830 179 900 230 cut).
915 179 956 229 20.
968 180 1009 230 21.

215 337 313 396 bonus
329 334 385 396 erit
400 334 454 407 vir,
470 352 507 394 ne
523 333 685 412 impediant
701 334 819 395 divitiae
835 351 896 412 quo
912 333 1013 394 minus
1032 334 1165 406 iuvetur,
1197 338 1286 398 modo

217 440 253 480 ne
268 419 416 489 adiuvent,
430 419 529 498 sitque
545 437 635 480 omne
647 419 789 480 iudicium
806 437 977 497 nonquam
993 420 1138 498 locuples
1149 422 1285 501 sedquo-

214 507 250 565 lis
267 506 394 584 quisque
410 502 464 565 sit!
480 506 654 566 Extremum
670 515 769 566 autem
784 513 975 583 praeceptum
992 505 1023 564 iu
1040 505 1196 567 beneficiis
1212 528 1284 586 ope-

215 609 306 670 raque
322 589 427 662 danda,
445 609 484 649 ne
499 590 570 669 quid
582 598 685 650 contra
700 590 880 669 aequitatem
894 591 1068 662 contendas,
1087 592 1213 670 nequid
1230 611 1284 672 pro

215 676 334 736 iniuria.
371 676 611 736 Fundamentum
629 675 708 736 euim
726 684 770 736 est
784 683 946 753 perpetuae
962 677 1235 740 commendationis
1256 687 1284 740 et
1304 692 1321 739 5

215 761 311 822 lamae
326 761 447 831 iustitia,
463 760 528 821 sine
544 779 600 839 (pua
616 761 689 821 nihil
704 768 803 839 potest
819 779 882 820 esse
898 760 1055 822 laudabile.

164 856 200 910 21
301 846 357 908 Sed
373 846 515 925 qnoniam
527 845 564 905 de
581 863 614 906 eo
631 863 739 923 genere
761 845 973 908 beneficiorum
993 846 1107 907 dictum
1129 855 1187 918 est,
1208 867 1283 926 quae

165 932 196 981 72
215 932 252 993 ad
268 932 400 1010 singulos
415 939 559 1010 spectant,
577 931 714 1010 deinceps
731 933 767 992 de
783 931 829 1002 iis,
837 949 912 1009 quae
928 932 965 990 ad
973 932 1130 992 universos
1147 951 1283 1012 quaeque

215 1018 251 1078 ad
267 1035 331 1078 rem
347 1017 494 1095 publicam
510 1016 670 1095 pertinent,
687 1017 898 1095 disputandum
916 1024 971 1076 est.
995 1017 1108 1077 Eorum
1124 1019 1284 1097 autemip-

215 1122 317 1164 sorum
333 1102 439 1181 partim
457 1102 521 1162 eins
537 1101 616 1163 modi
633 1112 713 1172 sunt,
729 1110 763 1164 ut
778 1102 814 1162 ad
830 1101 985 1162 universos
1006 1102 1084 1162 cives
1100 1103 1282 1180 pertineant,
1307 1117 1335 1164 to

215 1189 322 1268 partim
339 1189 471 1266 singulos
487 1195 521 1248 ut
537 1188 692 1265 attingant,
708 1206 782 1265 quae
799 1194 870 1248 sunt
887 1187 976 1248 etiam
1001 1187 1142 1266 gratiora.
1181 1188 1283 1250 llanda

216 1282 367 1353 operaest
383 1273 516 1342 omniuo,
533 1273 558 1331 si
572 1272 678 1351 possit,
701 1273 844 1350 utrisque,
856 1289 913 1332 nee
929 1272 1038 1345 minus,
1060 1279 1094 1332 ut
1111 1273 1204 1332 etiam
1221 1273 1283 1334 sin·

214 1360 289 1438 gulis
305 1359 486 1428 consulatur,
503 1359 554 1418 sed
570 1358 619 1429 ita,
635 1365 668 1418 ut
684 1377 718 1419 ea
739 1376 787 1418 res
803 1369 854 1418 aut
868 1357 963 1436 prosit
979 1367 1029 1418 aut
1039 1363 1122 1418 certe
1146 1377 1185 1418 ue
1207 1359 1284 1421 obsit

215 1539 258 1584 lm
277 1531 430 1597 senderedus),
451 1545 509 1597 opes
525 1534 556 1580 ut
572 1528 654 1580 colare
672 1537 720 1581 eet.

214 1603 274 1652 Τοι.
287 1599 335 1650 Aa.
349 1599 406 1664 Vll,
420 1599 451 1648 23
464 1605 493 1648 tu
508 1603 582 1648 tuum
599 1600 721 1665 officim

207 1672 296 1737 saez'es
321 1673 395 1732 alque
420 1668 478 1716 Ιιιιίο
500 1667 597 1731 alipedi
612 1667 720 1734 paulum

213 1753 277 1806 prae
304 1751 383 1786 anana
409 1735 514 1796 dederts,
539 1735 605 1784 ιιιιιίιι
622 1740 718 1786 utetur.

215 1807 265 1856 llas
282 1822 338 1855 zum
356 1805 476 1868 ddjeetiv
493 1804 645 1866 gewordene
657 1804 719 1854 Par-

214 1875 276 1940 tieip
291 1875 410 1924 bedentet
422 1873 477 1923 also
489 1868 534 1922 ‘im
547 1873 641 1922 Stande
654 1870 720 1922 Anf-

214 1944 287 1994 wand
297 1960 328 1992 zu
339 1937 458 1992 inachen’.
478 1941 535 2003 Vgl.
549 1941 578 1989 dc
592 1957 643 1989 sen.
655 1941 717 2004 836

215 2013 260 2063 aad
270 2012 358 2062 videtis
370 2014 398 2060 rel
410 2013 524 2058 senectus
534 2039 554 2045 -
565 2009 600 2057 sit
613 2023 718 2074 operosa

213 2087 237 2131 el
249 2093 346 2146 semper
362 2094 442 2144 weris
458 2075 554 2141 aliquid
572 2081 595 2125 et
615 2076 718 2126 moliens

215 2155 256 2211 (zu
268 2149 328 2198 thuu
342 2146 463 2209 geueigt).
483 2140 549 2196 Gell.
560 2144 584 2196 V
596 2143 621 2208 9,
632 2144 646 2193 5
660 2159 719 2195 cum

214 2221 291 2266 antea
308 2230 357 2264 non
375 2213 477 2279 loquens
500 2212 581 2276 (salig
598 2228 630 2262 zu
649 2228 719 2278 spre-

215 2286 288 2346 ehen)
310 2283 416 2348 sumam,
440 2283 469 2331 ob
492 2281 603 2332 similem
626 2281 720 2332 diodus·

215 2368 318 2404 caueam
331 2349 399 2415 hique·
413 2352 530 2418 coepisse.
561 2349 719 2414 lliigelshach

214 2421 259 2474 lat
280 2420 338 2471 Stil.
356 2417 373 2485 ξ
390 2421 432 2483 60,
451 2421 476 2470 3.
496 2421 608 2468 utentior
625 2418 720 2469 kommt

214 2491 301 2542 indess
314 2505 360 2540 nur
369 2489 426 2538 hier
436 2488 478 2539 bei
486 2486 537 2537 Cio.
550 2503 606 2550 vor,
617 2489 668 2550 vgl.
677 2487 718 2548 je-

214 2561 278 2611 doeh
291 2559 425 2626 patentior
441 2557 450 2606 l
463 2556 479 2621 ξ
492 2557 531 2606 76.
552 2555 658 2606 Lambin
675 2557 720 2606 hat

214 2628 319 2678 deshalh
331 2625 469 2692 opulentiam
481 2624 635 2675 vermuthet.

249 2698 272 2747 2.
291 2698 327 2744 sit
344 2709 416 2743 omne
432 2690 564 2753 andream,
582 2691 623 2741 die
640 2706 719 2754 ganze

214 2758 719 2824 Entscheidnngmdgedavonabhiingen.

249 2834 273 2880 3.
291 2830 445 2880 Emtremum
457 2850 474 2868 =
484 2841 622 2876 summum.

249 2900 273 2948 l.
296 2897 379 2948 Ueber
398 2895 444 2943 den
463 2895 679 2958 Zusammenhang
696 2911 717 2946 s.

214 2986 236 3019 z.
250 2984 272 3017 c.
287 2964 325 3014 15.
347 2962 382 3014 ad
393 2966 524 3014 universos
544 2963 614 3014 steht
631 2979 718 3028 wegen

215 3039 260 3087 des
282 3031 415 3084 schiirfern
438 3031 611 3096 Gegensatzes
633 3049 665 3082 zu
685 3033 721 3083 ad

214 3102 329 3169 singulos
341 3102 392 3151 und
404 3101 468 3152 wird
481 3101 675 3166 durchquaeque
686 3101 720 3152 ad

214 3170 407 3240 rempublicam
418 3172 541 3236 pertinent
553 3170 686 3220 erlintert.

250 3242 274 3292 9.
293 3241 391 3292 mrum
408 3244 492 3290 autem
510 3239 585 3288 niiml.
605 3254 670 3302 qame
685 3237 721 3288 ad

213 3308 400 3377 rempublicam
417 3310 549 3374 pertineat
576 3311 604 3356 ut
615 3307 651 3356 ad
661 3310 719 3356 urei-

213 3395 298 3430 oeraoa
310 3381 376 3428 cinea
385 3380 534 3442 pertineant
551 3375 650 3426 miissen
671 3376 720 3424 wir

214 3441 718 3507 iibersetzen‘sichlediglichanldieGe-

214 3516 357 3568 sammtheit
365 3507 504 3575 hoziehen‘‚
514 3509 629 3576 stimulos
638 3515 667 3562 ut
677 3515 719 3560 at-

213 3587 316 3650 tingeret
339 3579 391 3632 ‘die
415 3581 546 3632 einzelnen
564 3574 718 3630 mittreli'en’.

214 3652 263 3702 Ein
288 3651 435 3768 heaepieium
456 3649 491 3700 ad
511 3665 567 3700 rem
591 3647 720 3714 patticam

211 3723 280 3787 pert.
293 3720 328 3769 ist
352 3720 382 3769 nir
398 3719 445 3768 deu
458 3717 549 3768 lliimer
569 3716 609 3764 die
624 3717 720 3769 Ueber-

214 3789 303 3838 nahme
313 3785 567 3850 jedesStaatsamtoa‚
580 3785 611 3836 da
621 3801 648 3836 es
661 3787 718 3836 eino

214 3854 339 3918 Leistung
364 3855 427 3904 ohne
446 3851 655 3916 Entsehiidignng
676 3854 718 3904 ist.

775 1530 865 1580 Hierin
878 1530 943 1580 kann
963 1529 1079 1593 augleich
1096 1531 1156 1582 ciue
1168 1535 1217 1583 den
1229 1535 1283 1583 ein-

774 1597 1282 1666 zelnenmittrellendeWohlthatliegen,

774 1683 847 1716 wenu
866 1684 888 1716 z.
904 1669 927 1716 Β.
950 1668 996 1716 der
1009 1665 1136 1717 Feldherr
1148 1669 1229 1719 durch
1242 1673 1282 1720 die

773 1734 945 1797 liricgslseute
958 1736 1005 1784 den
1019 1734 1152 1785 einzelnen
1164 1737 1284 1788 Erleich-

773 1811 864 1866 ter-ung
880 1803 927 1852 der
944 1803 1116 1854 Staatslasten
1134 1808 1283 1870 verschallt,

773 1872 834 1922 oder
852 1872 898 1920 der
916 1870 1024 1922 Praetor
1042 1872 1107 1922 heim
1127 1872 1282 1940 liechtapre-

772 1942 834 1990 cheu
844 1940 899 1988 dem
909 1940 1041 1990 einzelnen
1048 1957 1078 1989 zu
1085 1942 1183 1992 seinem
1189 1943 1284 1994 Rechte

772 2005 888 2069 werhild,
899 2024 919 2058 s.
932 2007 994 2073 §Bm
1015 2008 1145 2059 Naehdem
1151 2012 1283 2062 Cicrnehr

773 2078 806 2127 im
817 2076 987 2138 allgemeinen
995 2078 1097 2140 gezeigt
1105 2079 1159 2140 hat,
1172 2095 1226 2130 was
1237 2082 1284 2130 der

772 2146 796 2197 N
799 2153 875 2195 ntzen
888 2144 933 2194 des
946 2146 1047 2195 Stantes
1063 2147 1112 2195 und
1126 2147 1173 2196 der
1187 2149 1282 2199 einzel-

774 2230 819 2265 nen
828 2212 955 2264 lordere-
963 2212 978 2278 ᾖ
985 2214 1027 2276 74,
1038 2214 1229 2279 sprichtervon
1238 2218 1282 2268 de·

773 2298 830 2344 nen,
845 2283 941 2334 welche
953 2280 1080 2345 dieSorge
1090 2280 1134 2332 fiir
1146 2284 1282 2348 diehllge·

773 2351 894 2402 meinheit
906 2351 1067 2413 versiiumem
1079 2350 1164 2402 indem
1177 2354 1216 2404 sie
1227 2363 1283 2404 ent-

772 2421 859 2469 weder
871 2435 916 2468 aus
929 2419 1059 2469 Habsncht
1071 2419 1129 2469 sich
1140 2435 1182 2472 ann
1194 2423 1283 2474 Staate
1365 2459 1366 2462 ,

773 2487 922 2539 hereiclrern
936 2487 1067 2551 (pto-77)
1081 2489 1145 2538 oder
1158 2491 1237 2540 durch
1249 2492 1281 2541 li·

774 2556 860 2607 berale
873 2555 1062 2619 Aokergesetze
1075 2557 1102 2620 (ᾗ
1116 2557 1219 2620 78-83)
1232 2560 1281 2609 und

774 2624 971 2687 Sohnldgesetze
990 2623 1015 2688 (ξ
1028 2625 1069 2682 84)
1083 2625 1126 2674 die
1141 2624 1227 2677 Gnnst
1238 2628 1283 2678 der

774 2693 907 2743 einzelnen
926 2694 1060 2742 eratrehen
1078 2693 1128 2741 und
1142 2694 1189 2744 das
1203 2696 1281 2747 Wohl

774 2763 819 2812 des
831 2761 934 2812 Gnazen
946 2761 1188 2824 vernnchlhssigen.

808 2861 847 2910 10.
863 2862 972 2926 partim:
985 2861 1088 2925 Madvig
1101 2862 1117 2928 §
1132 2865 1193 2926 284,
1207 2865 1231 2915 4.

809 2947 848 2996 12.
865 2949 989 3011 utrisque,
999 2949 1074 2998 niiml.
1085 2953 1116 2998 ut
1126 2951 1283 3014 mundetur,

772 3029 826 3066 was
833 3031 879 3066 aas
889 3016 944 3065 dem
953 3013 1097 3077 Fulgendeu
1110 3035 1143 3066 zn
1153 3021 1281 3082 ergiinzen

773 3083 817 3134 ist.
838 3083 918 3134 Unter
927 3086 1027 3148 utrique
1036 3085 1093 3134 sind
1104 3089 1226 3137 universi
1232 3087 1280 3136 und

773 3151 874 3218 sing-ult
884 3169 915 3201 zn
929 3152 1073 3203 verstehen.
1097 3153 1148 3204 Der
1163 3153 1283 3206 Gedanke

773 3220 808 3270 ist
820 3221 889 3272 also:
901 3221 942 3271 die
955 3221 1190 3286 heuptsichliclrste
1204 3223 1282 3288 Surge

773 3289 823 3338 soll
833 3287 927 3339 auidas
936 3290 1025 3352 gehen,
1035 3304 1089 3339 was
1099 3292 1220 3354 zngleich
1228 3293 1281 3342 dena

772 3356 860 3407 Stante
879 3356 929 3405 und
947 3357 994 3406 den
1014 3357 1147 3410 einzelnen
1169 3360 1282 3412 niitzlich

773 3425 816 3488 ist,
836 3426 983 3476 demniichst
999 3427 1061 3477 aher
1079 3428 1131 3478 soll
1148 3444 1207 3480 man
1219 3429 1280 3479 anch

772 3493 827 3556 (nec
844 3496 939 3554 aminaea)
958 3492 1000 3543 liir
1018 3495 1059 3546 die
1079 3495 1213 3548 einzelnen
1226 3513 1282 3548 sor-

773 3577 828 3624 gea,
841 3564 905 3612 nach
915 3577 988 3612 wenn
998 3559 1040 3614 liir
1049 3564 1096 3614 den
1103 3565 1181 3616 Stant
1190 3567 1225 3616 im
1234 3565 1284 3616 all·

773 3632 902 3696 gemeinen
923 3630 1015 3682 darana
1027 3631 1087 3682 hein
1102 3633 1224 3684 Vortheil
1242 3650 1283 3684 er·

772 3700 878 3750 wiichst.

808 3785 847 3834 13.
866 3784 911 3836 aad
921 3787 967 3846 da,
983 3789 1047 3834 ut-
1059 3801 1097 3847 aa,
1117 3787 1141 3836 d.
1155 3788 1175 3837 i.
1195 3792 1225 3837 ut
1240 3802 1283 3838 oa-

772 3867 883 3917 oeamm,
901 3869 940 3904 rae.
965 3869 988 3918 p.
1008 3853 1034 3904 S.
1047 3851 1122 3904 llaec
1136 3855 1179 3918 20,
1193 3855 1225 3904 55
1243 3871 1284 3904 ne-
