2768 4498
542 657 580 720 M.
603 657 729 722 TULLII
752 657 953 720 CICERONIS

213 829 295 941 DE
334 829 595 942 OFFICIIS
632 831 718 942 lo
754 830 1026 943 MARCUM
1057 829 1279 942 FILIUM

605 1019 700 1072 LIBER
718 1020 897 1074 SECUNDUS.

178 1173 192 1226 1
294 1141 392 1227 Uuern
415 1165 451 1224 ad
479 1164 600 1224 modurn
629 1164 725 1224 olfieie
747 1165 928 1226 ducerentur
952 1165 987 1223 ab
1004 1164 1173 1235 honestate,
1188 1163 1279 1225 Marce

181 1253 191 1300 1
215 1250 265 1321 Illi,
279 1258 369 1329 etque
385 1249 421 1310 eh
437 1249 519 1309 ouini
534 1267 642 1328 genere
654 1249 862 1321 vlrtutiS‚setis
878 1249 1055 1328 explicatum
1063 1248 1195 1310 arbitror
1209 1249 1281 1312 lihro

213 1335 377 1414 superiore.
401 1333 542 1413 Sequitur
557 1342 592 1395 ut
602 1335 677 1395 haec
688 1334 855 1395 olliciorum
877 1353 986 1413 genera
1008 1352 1180 1414 persequar,
1211 1353 1282 1414 qnae

212 1420 365 1499 pertinent
380 1419 416 1480 ad
444 1419 520 1479 vitae
543 1421 655 1480 cultum
678 1427 707 1479 et
729 1420 764 1481 ad
777 1438 880 1481 earum
897 1437 1010 1490 rerum,
1034 1419 1142 1499 quibus
1159 1427 1283 1481 utuntur

212 1505 359 1575 homines,
376 1504 556 1575 facultatem,
570 1506 605 1566 ed
622 1523 706 1584 opes,
721 1506 758 1565 ed
771 1506 886 1585 copias:
900 1506 942 1583 [in
957 1523 1016 1583 quo
1032 1513 1098 1566 tum
1114 1505 1283 1584 quaeridiiri
1298 1525 1311 1572 5

214 1588 285 1669 quid
312 1589 394 1661 utile,
421 1588 492 1668 qnid
517 1589 631 1661 Inutile,
658 1597 724 1650 tum
745 1609 781 1650 ex
795 1591 916 1651 utilibus
939 1589 1011 1668 quid
1025 1590 1130 1650 utilius
1148 1597 1200 1650 eut
1215 1591 1283 1670 quid

214 1674 341 1734 maxime
356 1674 448 1748 utile]
464 1674 505 1734 De
521 1676 628 1754 quihus
645 1675 743 1736 dicere
759 1676 795 1736 ad
817 1675 922 1748 rediar,
940 1675 966 1735 si
980 1693 1073 1754 pauca
1089 1675 1173 1753 prius
1186 1676 1223 1735 de
1237 1676 1283 1736 in-

179 1765 193 1814 2
212 1759 318 1820 stituto
334 1778 368 1821 ee
384 1760 420 1820 de
436 1760 543 1821 iudicio
560 1780 627 1821 meo
644 1760 755 1821 dixero.
794 1694 982 1840 Unamquam
1003 1761 1083 1821 eninr
1105 1759 1174 1820 libri
1190 1761 1284 1822 nostri

213 1846 381 1924 complures
396 1863 458 1906 non
475 1847 563 1907 modo
579 1846 614 1906 ad
630 1845 815 1925 legendi,sed
832 1845 973 1907 etiamad
989 1843 1142 1905 scribendi
1152 1847 1284 1906 studium

213 1931 425 2002 excitaverunt,
452 1937 552 1991 temen
569 1930 721 1991 interdum
737 1949 842 1992 vereor
861 1948 900 1992 ne
912 1930 1096 2011 quibusdam
1110 1929 1282 2008 honis-viris
1299 1943 1322 1994 lo

213 2015 419 2095 philosophiae
439 2033 551 2077 nomen
567 2016 606 2076 sit
628 2016 758 2077 invisum
774 2017 982 2096 mirenturque
1002 2015 1033 2076 iu
1050 2036 1084 2077 ee
1099 2023 1221 2077 tentum
1237 2035 1283 2078 me

248 2154 271 2202 5.
282 2151 453 2217 facultatem:
471 2168 493 2202 z.
509 2155 520 2204 1
535 2151 550 2217 ἕ
564 2153 588 2201 9.
776 2153 859 2203 Boehe
870 2151 900 2202 de
910 2157 964 2202 not.
974 2151 1043 2202 deor.
1060 2151 1145 2203 ludeo
1158 2151 1286 2203 Sehrilten

248 2222 275 2268 in
286 2235 335 2284 quo
351 2224 407 2269 tum
420 2248 438 2257 -
448 2222 565 2270 maxine
582 2220 652 2271 rutile.
669 2221 722 2270 Der
778 2221 832 2272 Cio.
843 2223 947 2271 eunden
958 2221 1286 2272 lehreullu.43sinddie

214 2287 306 2338 zweite
314 2285 389 2338 Theil
401 2288 445 2338 des
455 2286 545 2339 saties
556 2292 614 2340 tum
624 2288 723 2340 orendil.
777 2288 911 2341 Prodnien
923 2289 964 2340 hei
976 2289 1079 2339 weitern
1092 2289 1163 2340 nieht
1172 2305 1202 2339 so
1215 2305 1287 2353 sorg-

214 2356 379 2408 -maeutile
391 2356 723 2409 iehltindeuhoetenlldso.
778 2356 853 2422 filtig
872 2357 1067 2422 uusgeorboitet
1084 2357 1125 2408 ele
1143 2357 1171 2407 iu
1188 2357 1221 2408 de
1238 2357 1284 2421 leg.

215 2421 354 2475 Ueherdioe
372 2427 469 2476 niisste
486 2427 542 2477 sloh
560 2430 587 2476 in
611 2441 659 2492 quo
679 2423 726 2476 eol
778 2425 955 2492 undderrp,
975 2426 1027 2476 und
1042 2425 1286 2476 hesohriinkensieh
1367 2437 1368 2474 3

214 2493 262 2542 den
278 2508 373 2557 genuen
391 2495 451 2546 Setz
467 2499 496 2544 ut
503 2510 662 2562 -persequar
673 2494 723 2544 und
778 2491 823 2544 eol
832 2494 890 2544 eine
901 2495 1006 2558 gerioge
1017 2492 1117 2544 Annhl
1127 2509 1177 2544 von
1189 2493 1287 2545 Gedu-

214 2560 245 2610 do
256 2563 347 2626 quihus
356 2564 452 2614 wieder
466 2560 512 2613 eui
520 2563 669 2629 officiorum
675 2578 723 2627 ge-
777 2561 844 2626 keu,
871 2561 912 2612 dio
931 2563 1062 2614 mehrleeh
1083 2561 1287 2620 wiederkehren.

213 2645 277 2679 nera
293 2630 422 2682 beziohen.
451 2631 488 2680 Es
501 2631 723 2681 ietdaherwnhr-
777 2630 817 2680 Ad
830 2630 909 2681 Attio.
925 2629 987 2683 XVI
1000 2633 1025 2696 6,
1040 2633 1057 2680 4
1074 2638 1131 2695 sest
1143 2630 1197 2681 Cle.
1210 2631 1287 2680 Iuleo

215 2696 363 2762 reheinlieh,
385 2701 444 2748 dues
462 2699 508 2748 mit
524 2700 579 2748 dem
592 2698 668 2748 Sutze
681 2699 722 2748 ein
777 2697 894 2748 uolumen
914 2703 1120 2765 prooemiorum:
1144 2714 1181 2748 ee·
1201 2713 1232 2748 eo
1244 2697 1288 2749 eli·

215 2764 296 2815 Leser
308 2766 363 2816 sioh
380 2767 422 2815 die
439 2766 603 2831 Haupttheile
616 2766 661 2816 des
673 2766 722 2815 Bu·
774 2781 840 2833 gere
850 2763 925 2830 soleo,
940 2783 998 2818 eum
1007 2766 1109 2833 aliquod
1118 2759 1287 2836 σύγγραμμα

215 2833 283 2894 eheu,
300 2833 341 2883 dle
353 2849 404 2884 von
416 2850 438 2883 c.
452 2834 514 2885 3-24
531 2834 581 2882 und
598 2851 619 2884 o.
634 2835 666 2883 25
679 2833 724 2884 he·
777 2837 887 2884 destitui.

215 2901 671 3021 {precipendwprden,kppsppiinglieh
692 2917 723 2952 un
778 2903 837 3022 49ἑ
858 2901 894 2952 ad
908 2902 1046 2986 scribendi}
1065 2905 1095 2954 de
1113 2902 1289 3022 PUIMMCRI‘
1366 2895 1367 2910 ¹

232 2982 271 3017 em
305 2984 370 3020 eno
400 2985 467 3020 emor
525 2986 539 3021 o
565 2985 587 3020 o.
899 2987 930 3021 ue
947 2988 988 3022 me
1006 2986 1149 3022 minume
1239 2988 1287 3022 ma

252 3037 275 3086 't.
287 3036 647 3100 deinstitutoaedeiudieio‚
660 3037 724 3088 dher
776 2985 903 3106 phoreim,
924 3039 990 3104 quod
1008 3040 1088 3105 facile
1108 3043 1192 3090 sentio
1212 3056 1288 3105 quum

215 3105 282 3154 mein
295 3104 482 3157 Unternehmen
494 3108 545 3158 und
557 3107 725 3165 diodorum,
777 3106 920 3159 inultorum
940 3123 991 3158 non
1007 3108 1081 3160 modo
1102 3107 1225 3171 discendi,
1246 3105 1289 3158 ted

216 3171 262 3222 der
273 3173 314 3222 ioh
327 3172 403 3238 lolge.
416 3175 543 3226 indictum
555 3175 657 3226 bozieht
669 3174 725 3224 sich
778 3177 858 3225 etiam
869 3175 995 3226 deridendi
1004 3176 1095 3227 studia
1103 3180 1289 3227 eommouen'm.

215 3239 262 3291 eol
271 3242 314 3292 die
326 3241 539 3308 liechtlertiguog
548 3243 724 3294 deseoedemi-
779 3242 838 3307 Vgl.
852 3246 883 3294 do
897 3244 938 3294 off.
951 3244 960 3295 I
971 3243 987 3310 ᾖ
999 3247 1010 3296 1
1024 3249 1116 3294 utnon
1127 3243 1201 3294 modo
1208 3242 1288 3296 Grae·

216 3310 292 3360 sohen
306 3309 495 3378 Stendpunktes
511 3311 527 3377 ξ
541 3310 580 3362 tr.
616 3309 725 3374 Nigele·
778 3327 870 3362 earum
882 3310 1132 3375 litterarumrudee,
1153 3312 1288 3362 eedetiam

215 3379 279 3429 heeh
289 3379 399 3430 lahstil.
414 3397 437 3446 p.
448 3381 480 3431 29
495 3381 627 3431 iihereetzt
636 3378 725 3429 ‘Wehl
778 3378 849 3431 docti
857 3381 1020 3445 aliquantium
1031 3397 1059 3431 se
1073 3382 1234 3432 arbitrentur
1244 3380 1288 3430 od·

216 3447 259 3496 dee
273 3445 383 3499 Stoffes’.
778 3451 833 3514 epti
847 3454 872 3499 et
887 3449 923 3500 ad
937 3448 1072 3500 eundum
1089 3453 1116 3499 et
1126 3447 1164 3499 od
1173 3448 1288 3500 iudiean·

251 3516 274 3565 8.
297 3517 347 3566 Dee
375 3515 533 3578 helinium,
561 3515 647 3566 werin
671 3514 725 3565 Cio.
779 3515 849 3568 doen.

216 3582 285 3632 eoine
319 3583 524 3649 hilosophisehen
541 3583 649 3636 Studien
661 3583 726 3634 noch
817 3586 855 3636 10.
867 3587 928 3636 honi
934 3587 995 3636 uiri:
1008 3601 1030 3634 z.
1042 3583 1080 3649 1§
1094 3585 1135 3634 20.

217 3650 273 3699 dem
310 3659 449 3718 nter-gange
467 3655 511 3703 der
527 3650 651 3718 Republik
670 3649 723 3715 (51
816 3653 856 3705 11.
880 3651 1287 3720 hiloroplahenomendlieeeUm-

217 3717 322 3780 ·-6)und
331 3720 402 3769 eeino
412 3721 532 3772 Methodo
541 3720 588 3786 (§'l
597 3719 624 3783 l.)
638 3721 725 3769 recht·
779 3669 932 3785 rehreiMung
943 3721 1051 3772 hreueht
1067 3721 1120 3772 Cle.
1138 3718 1186 3786 oft,
1207 3737 1249 3770 wo
1261 3735 1288 3770 er

217 3782 316 3850 sortist,
332 3787 426 3838 etimmt
445 3790 491 3838 den
506 3787 644 3842 Cedenhen
661 3788 726 3838 noch
778 3789 987 3853 einenBegrilIin
998 3789 1289 3853 reinerhllgemeinheit

216 3867 281 3917 gent
302 3852 408 3904 iiherein
429 3857 476 3906 mit
497 3857 552 3906 dem
569 3871 625 3906 zum
638 3862 724 3906 ersten
779 3856 934 3909 bezeichnen
946 3857 1012 3908 will.
1034 3855 1067 3907 Ul
1078 3856 1094 3922 ᾗ
1107 3857 1154 3908 101
1169 3855 1289 3908 modulatis
