2800 4506
229 237 293 300 240
503 236 547 288 DE
559 235 696 287 odricus
707 235 768 287 tls.
779 236 820 288 ΙΙΙ.
842 235 915 288 cnP.
928 237 971 289 30.
984 239 1026 291 31.

155 419 159 424 ¹
228 391 325 472 peius,
348 409 417 471 quo,
441 410 510 453 eum
528 392 560 452 in
581 392 686 452 eadem
700 409 790 453 eausa
805 401 894 465 esset,
916 393 1096 472 deprecante
1118 402 1243 473 aceepta
1258 397 1304 457 lex

228 496 290 540 non
305 486 361 538 est
388 476 444 538 Hie
458 496 502 549 ea,
517 496 592 556 quae
606 475 764 538 videbatur
777 477 899 549 utilitas,
913 477 981 556 plus
993 477 1085 540 valuit
1096 497 1189 558 quam
1204 480 1305 542 hone-

228 572 298 633 stas,
314 563 392 642 apud
403 563 572 642 superiores
587 561 722 623 utilitatis
741 563 856 641 speeies
870 562 943 624 falsa
959 563 996 624 ab
1010 563 1177 626 honestatis
1199 575 1304 627 aucto

230 649 318 709 ritate
331 656 469 726 superata
488 656 542 708 est
762 707 765 712 ,

161 738 209 790 tto
317 736 364 793 ‘At
379 750 442 793 non
453 732 558 794 debuit
567 742 667 793 rattrm
677 749 752 804 esse,
768 733 849 811 quod
861 741 925 792 erat
936 741 1036 795 aetum
1047 751 1102 812 per
1115 733 1196 794 vim.’
1214 735 1308 809 Quasi
1323 747 1336 796 t

228 836 300 880 vero
315 817 386 878 lorti
400 819 463 878 viro
479 818 522 878 ris
536 817 632 898 possit
645 817 787 878 adhiberi.
819 817 888 878 ‘Cur
901 817 994 896 igitm
1007 817 1043 878 ad
1056 827 1196 880 sonatum
1212 822 1307 899 proli-

229 903 404 974 eiseebatur,
419 922 488 964 eum
503 901 680 983 praesertim
697 902 734 962 de
745 903 868 982 captivis
881 902 1071 965 dissuasurus
1083 901 1194 965 esset?
1219 905 1307 978 Quod

229 989 392 1050 marimum
413 989 445 1049 in
467 998 583 1059 anast,
610 987 640 1048 id
660 987 890 1066 reprehenditis.
920 988 988 1050 Non
1010 989 1091 1049 enim
1111 1008 1168 1050 suo
1192 991 1306 1052 iudicio

228 1075 320 1145 stetit,
343 1075 396 1135 sed
412 1073 687 1154 suseepiteausam
711 1080 745 1134 ut
759 1081 840 1134 esset
854 1072 999 1135 iudicium
1014 1081 1151 1137 senatus:
1179 1075 1228 1136 eui
1245 1077 1306 1137 uisi

226 1161 292 1240 ipse
316 1168 419 1221 auctor
440 1159 555 1234 luisset,
583 1158 689 1238 captivi
712 1158 845 1237 prolecto
861 1157 970 1219 Poenis
986 1158 1094 1220 redditi
1110 1168 1223 1221 essent.
1261 1163 1305 1223 lta
1323 1171 1349 1220 te

227 1245 385 1306 incolumis
401 1244 432 1304 in
446 1245 540 1324 patria
555 1244 684 1324 Regulus
705 1243 873 1305 restitisset.
904 1243 990 1316 Quod
1012 1245 1082 1324 quia
1104 1245 1220 1324 patriae
1243 1265 1305 1308 non

227 1330 299 1391 utile
313 1329 437 1410 putavit,
453 1329 562 1392 ideireo
575 1329 631 1390 sibi
646 1330 807 1390 honestum
819 1337 850 1390 et
860 1329 973 1390 sentire
987 1328 1034 1392 illa
1051 1337 1081 1390 et
1091 1330 1152 1410 pati
1168 1332 1306 1394 eredidit.

227 1414 355 1476 -Nam
372 1415 451 1494 quod
467 1415 558 1488 aiunt,
579 1414 659 1494 quod
674 1413 757 1474 valde
773 1414 845 1475 utile
860 1414 909 1486 sit,
926 1414 955 1474 id
971 1415 1036 1476 lieri
1051 1415 1225 1488 honestum,
1241 1417 1304 1478 im—

227 1519 277 1560 mo
294 1519 365 1561 vero
381 1518 456 1572 esse,
473 1517 534 1560 nou
549 1499 622 1560 fieri.
652 1499 706 1560 Est
717 1499 796 1561 enim
810 1499 885 1560 nihil
897 1499 968 1561 utile
982 1501 1062 1580 quod
1072 1501 1154 1561 idem
1169 1519 1235 1562 non
1250 1503 1305 1564 ho-

227 1593 358 1656 nestum,
380 1602 447 1657 nee,
470 1585 538 1664 quia
553 1584 635 1658 utile,
661 1585 834 1662 honestum,
860 1585 912 1646 sed
934 1585 1003 1664 quia
1024 1585 1197 1658 honestum,
1223 1588 1304 1649 utile.
1324 1599 1350 1649 tt

229 1670 292 1742 Qua
308 1688 340 1730 re
356 1687 392 1730 ex
407 1671 509 1732 multis
533 1669 719 1730 mirabilibus
743 1670 888 1749 exemplis
911 1670 992 1730 haud
1011 1670 1096 1732 laoile
1111 1671 1181 1750 quis
1197 1672 1306 1734 dixerit

227 1753 286 1814 hoe
301 1754 436 1834 exemplo
453 1762 504 1817 aut
519 1754 695 1816 laudabilius
712 1763 762 1816 aut
777 1755 986 1835 praestantius.

171 1855 207 1910 31
312 1839 374 1924 vSed
396 1859 432 1900 ex
446 1848 509 1901 tota
529 1840 585 1902 hae
604 1839 690 1902 laude
711 1840 818 1919 Reguli
832 1859 929 1902 uuum
951 1839 1022 1902 illud
1039 1848 1085 1902 est
1104 1841 1306 1904 admiratione

160 1940 205 1992 111
228 1923 363 2004 dignum,
379 1926 461 2006 quod
476 1926 603 2004 captivos
618 1925 794 1987 retinendos
807 1926 933 1988 censuit.
961 1925 1037 1987 Nam
1051 1926 1131 2005 quod
1143 1927 1236 1989 rediit
1248 1945 1305 1988 no·

226 2010 274 2070 bis
291 2029 372 2072 nuno
387 2010 523 2072 mirabile
538 2010 665 2083 videtur,
686 2010 743 2072 illis
759 2011 880 2090 quidem
902 2011 1088 2092 temporibus
1104 2011 1189 2072 aliter
1205 2013 1303 2075 faeere
1320 2023 1346 2072 tt

227 2113 290 2156 non
310 2096 417 2176 potuit.
452 2097 556 2176 ltaque
576 2095 631 2156 ista
652 2097 716 2156 laus
738 2113 800 2156 non
820 2105 865 2157 est
879 2095 1019 2168 hominis
1046 2095 1099 2157 sed
1120 2105 1304 2177 temporum.

227 2181 349 2242 Nullum
364 2182 445 2242 enim
461 2180 613 2243 vinculum
629 2181 666 2242 ad
678 2181 899 2260 astringendam
912 2183 1002 2242 fidem
1017 2182 1082 2243 iure
1097 2182 1226 2245 iurando
1240 2203 1304 2246 ma-

228 2353 328 2420 sp'dter,
350 2353 389 2403 als
401 2351 463 2421 {sein
482 2351 638 2416 Nnohiolger
650 2352 737 2418 einge-
792 2353 856 2403 eueh
866 2353 929 2402 oben
938 2350 954 2418 ξ
964 2351 1011 2402 103
1022 2352 1093 2403 nieht
1102 2352 1150 2402 mit
1158 2351 1307 2416 anigealiblt

227 2421 319 2472 troffeu
341 2436 410 2486 war,
435 2421 560 2486 geradezu
576 2420 735 2486 ableugnete,
792 2420 903 2471 werden.

226 2487 329 2540 woreuf
343 2491 390 2540 der
408 2490 486 2541 Sonat
504 2489 545 2540 die
566 2489 738 2553 Fortsetzuug
828 2489 851 2540 8.
871 2487 928 2540 Non
946 2503 992 2540 eoo
1010 2487 1105 2538 inditio
1122 2491 1205 2551 stetit,
1223 2489 1307 2540 erbe-

227 2555 596 2622 desllriegesohueweiteres
608 2558 737 2609 bestium·
791 2558 893 2620 ruhigte
911 2557 967 2608 sloh
985 2557 1057 2606 nieht
1079 2556 1166 2618 demit,
1193 2555 1254 2608 dass
1279 2573 1306 2608 es

226 2634 260 2677 te.
285 2627 384 2692 Appiun
396 2628 428 2677 de
440 2627 492 2678 reb.
510 2625 581 2692 Hisp.
595 2627 636 2677 81.
792 2627 847 2676 sein
873 2624 974 2677 Urtheil
992 2640 1061 2687 war,
1085 2623 1196 2676 sondern
1216 2627 1306 2676 wollte

261 2695 285 2745 2.
313 2695 376 2757 llio,
404 2695 430 2744 in
449 2695 544 2746 diesem
562 2694 647 2755 Falle3
671 2694 738 2759 §89
792 2695 856 2743 eueh
877 2694 924 2743 den
943 2693 1022 2743 Sonat
1045 2691 1088 2743 liir
1106 2691 1176 2743 seiue
1195 2693 1306 2744 Ansieht

204 2813 205 2818 ,
229 2763 269 2812 lu‘e
282 2762 333 2814 alto
342 2762 412 2814 dotti
423 2764 582 2814 bumooitas.
793 2763 934 2824 gewinnen.
966 2759 1042 2812 Tuon.
1056 2759 1077 2811 ll
1089 2761 1131 2824 26,
1143 2761 1177 2812 63
1195 2761 1231 2814 i’e
1242 2766 1267 2813 ei
1278 2766 1304 2812 tn

262 2831 285 2880 5.
316 2828 398 2892 Quasi
412 2845 469 2881 vero
486 2831 614 2895 sortitore
627 2830 737 2896 et'epoe-
793 2829 871 2880 ooultb
886 2827 1060 2880 multitudinis
1077 2832 1122 2892 sie,
1143 2833 1231 2882 tamen
1251 2833 1306 2880 eius

226 2899 260 2948 rit
275 2895 398 2948 adbiberi.
428 2897 521 2948 Dieser
537 2896 651 2948 stoisehe
669 2897 737 2959 Satz,
793 2897 886 2948 inditio
899 2902 970 2949 stare
982 2897 1068 2948 nobm.
1086 2897 1306 2950 Zuueistbedeu-

227 2965 339 3015 dassder
347 2963 438 3015 Weiss
449 2965 517 3015 nieht
526 2965 608 3015 kdnue
619 2980 738 3028 gezwun-
792 2975 830 3018 tet
841 2981 888 3016 eoo
899 2966 993 3017 iudicio
1010 2969 1081 3017 dare
1099 2966 1141 3016 bei
1154 2967 1243 3018 seiner
1252 2968 1304 3016 Aa·

227 3048 276 3097 gen
286 3032 398 3098 werden,
407 3031 473 3096 iolgt
483 3049 529 3084 eus
540 3023 586 3084 der
593 3032 676 3084 Lebre
686 3049 735 3084 vou
793 3035 859 3086 sieht
869 3035 1002 3098 behemeu,
1016 3036 1085 3085 nieht
1093 3035 1306 3100 davouabgehen,

227 3102 273 3152 der
291 3101 404 3152 Freiheit
427 3103 478 3152 und
499 3102 737 3166 Selbstgeuiigsom·
792 3104 843 3153 wie
856 3101 872 3166 ξ
884 3104 916 3152 95
929 3107 1001 3152 stare
1012 3104 1145 3154 conventis.

226 3170 284 3220 leit
296 3171 341 3220 des
354 3169 472 3222 Weisen.
501 3171 599 3221 Seneca
611 3171 641 3220 de
654 3168 736 3220 benef.
830 3169 868 3221 tt.
887 3172 982 3221 sentire
995 3170 1055 3234 illo,
1066 3171 1128 3235 ioue
1140 3171 1264 3236 bleinnug
1276 3189 1307 3222 zu

226 3236 303 3288 11120
320 3252 427 3306 corpore
444 3239 557 3290 odnoan'o
573 3242 634 3289 eunt
652 3241 677 3288 et
693 3238 737 3289 od-
791 3239 881 3302 hegen,
894 3239 1007 3289 uiimlieh
1019 3239 1078 3290 dass
1088 3240 1129 3290 die
1141 3237 1306 3304 Geinngeneu

227 3309 321 3374 scripto
341 3305 459 3372 dominis,
482 3323 554 3357 mene
575 3306 675 3372 quedem
694 3313 740 3358 eut
793 3307 1000 3370 niebteusgelb‘st
1013 3307 1062 3356 und
1079 3323 1108 3358 er
1122 3306 1307 3360 uaehllartha·

226 3377 299 3425 iuria.
319 3403 353 3414 -
374 3373 470 3443 Corpus
490 3378 575 3440 itaque
595 3380 645 3440 ert,
673 3374 742 3442 qood
792 3391 824 3440 go
837 3375 1064 3438 zuriiekgesehiekt
1081 3377 1182 3440 wiirde;
1204 3375 1305 3428 auidas

226 3442 328 3494 manino
338 3445 452 3511 fortuma
468 3443 587 3495 tradedit:
600 3472 617 3480 -
631 3446 738 3494 interior
792 3444 901 3494 letztere
913 3443 1017 3494 bezieht
1028 3443 1084 3494 sieh
1094 3447 1159 3512 poti.

225 3509 270 3561 ella
286 3527 351 3578 pars
368 3515 496 3630 rnareet‘pio
513 3511 633 3562 dorinon
644 3515 734 3580 potest.
829 3512 868 3561 13.
898 3509 967 3562 Nom
993 3511 1063 3576 quod
1077 3515 1154 3563 munt
1171 3510 1246 3563 hihrt
1264 3515 1305 3564 die

225 3580 266 3630 At
278 3579 325 3630 beo
336 3580 442 3646 quidque·
468 3584 544 3644 oeni,
564 3579 673 3632 liberum
690 3583 735 3630 est.
792 3579 981 3644 Widerleguug
997 3581 1042 3630 des
1055 3581 1158 3632 vierton
1176 3581 1305 3632 undletz-

260 3649 284 3698 6.
315 3648 367 3699 Cur
383 3651 473 3714 egitur.
513 3648 740 3700 DieserEinwurf
791 3657 834 3700 ten
850 3647 982 3698 Eiuwurls
998 3650 1047 3698 ein.
1072 3649 1155 3700 Uober
1171 3665 1304 3700 numen

226 3715 292 3763 kann
305 3724 360 3767 erst
372 3719 606 3781 gemaebtwerden,
615 3718 736 3768 naehdom
791 3717 808 3782 ᾖ
821 3717 861 3767 El.

227 3781 272 3831 der
290 3786 499 3850 vor-hergeheude
512 3787 672 3851 abgewieseu
692 3787 736 3837 ist.
826 3787 905 3834 immo
921 3789 990 3834 vero:
1012 3799 1059 3833 ans
1076 3786 1152 3834 aiunt
1169 3784 1207 3835 ist
1223 3785 1305 3837 dume

224 3843 357 3912 ‘Warnm
382 3868 456 3903 weun
477 3855 548 3906 nieht
568 3854 671 3906 Gewnlt
695 3854 737 3904 ihu
791 3853 931 3905 dommus
944 3869 975 3902 zu
990 3851 1125 3913 ergiuzeu.

228 3917 326 3979 zwenss’
343 3933 368 3966 u.
386 3935 407 3970 s.
421 3935 453 3971 u.
484 3923 518 3973 Er
535 3924 630 3974 konnte
649 3924 737 3973 darum
826 3922 868 3972 tt.
887 3922 1069 3981 nondominis,
1089 3919 1137 3970 red
1147 3925 1301 3988 temporum:
