2768 4506
391 228 685 282 nnonrtctlsntn.1.
713 231 784 284 CAP.
799 237 823 287 6.
1100 239 1140 299 43

62 395 181 446 temere
193 383 412 444 adsentiamur:
429 384 509 463 quod
523 383 626 446 vitium
641 387 921 467 elingereqnivolet‚
930 399 1141 454 omnesautem

60 472 140 532 velle
152 467 276 540 debent,
284 468 435 529 adhibebit
446 469 483 530 ad
495 471 725 532 considerandas
740 491 788 535 res
801 483 832 534 et
842 480 962 554 tempus
974 483 1003 536 et
1016 477 1142 555 diligen-

60 557 148 617 tiam.
181 553 318 614 Alterum
334 563 380 614 est
394 553 509 623 vitium,
526 557 738 635 quodquidam
751 558 841 619 nimis
856 577 1000 639 magnum
1013 563 1143 623 studium
1165 573 1197 624 19

59 641 254 718 multamque
267 655 388 717 operam
400 639 432 699 in
444 658 493 700 res
505 639 646 703 obscuras
659 649 749 722 atque
761 643 895 706 difficiles
907 646 1067 707 conserunt
1078 667 1144 709 eas-

18 733 36 780 5
59 729 197 804 demque
209 741 273 784 non
288 724 481 785 necessarias.
511 724 626 796 Quibus
641 727 718 788 vitiis
734 728 887 790 declinatis
909 730 989 810 quod
1008 731 1040 792 in
1055 733 1145 794 rebus

59 809 203 872 honestis
219 816 250 870 et
265 809 432 886 cognitione
447 810 543 886 dignis
559 829 666 890 operae
689 829 836 891 curaeque
856 822 999 893 ponetur,
1026 817 1054 876 id
1079 817 1145 878 iure

62 895 249 966 laudabitur,
264 901 299 954 ut
314 895 345 955 in
361 895 517 972 astrologia
538 896 568 956 t.
587 897 752 976 Sulpicium
774 900 950 971 audivimus,
972 901 1003 960 in
1024 921 1146 980 geome-

59 983 120 1043 tria
138 981 208 1041 Ser.
222 979 397 1058 Pompeium
413 979 470 1059 ipsi
485 982 687 1059 eognovimus,
705 982 814 1044 multos
826 983 857 1045 in
878 984 1053 1059 dialecticis,
1075 989 1142 1067 plu-

59 1086 111 1128 res
128 1067 162 1126 in
177 1065 243 1124 iure
258 1065 351 1125 civili:
367 1075 443 1143 quae
454 1083 558 1127 omnes
571 1074 649 1128 artes
661 1067 694 1128 in
705 1067 767 1128 reri
777 1068 1006 1148 investigatione
1019 1092 1142 1135 versan-

8 1157 36 1210 tu
61 1162 130 1222 tur,
153 1150 240 1211 cuius
266 1149 364 1210 studio
380 1167 396 1209 a
412 1150 502 1210 rebus
525 1153 660 1230 gerendis
682 1153 787 1214 abduci
806 1161 910 1214 eontra
931 1156 1061 1218 officium
1086 1168 1141 1220 est.

63 1235 193 1298 Virtutis
205 1233 287 1295 enirn
299 1235 363 1296 laus
376 1237 472 1296 omnis
484 1235 517 1296 in
536 1237 652 1299 actione
669 1237 820 1298 consistit:
837 1257 852 1300 a
865 1257 922 1317 qua
935 1248 1035 1302 tamen
1050 1243 1084 1303 fit
1095 1244 1144 1304 in-

60 1320 217 1382 termissio
234 1339 322 1400 saepe
336 1320 483 1399 multique
495 1322 605 1382 dantur
620 1323 655 1384 ad
670 1322 768 1383 studia
783 1323 913 1398 reditus3
938 1335 1003 1387 tum
1024 1327 1142 1406 agitatio
1201 1327 1208 1342 ”

62 1407 187 1476 mentis,
203 1423 280 1484 quae
296 1423 459 1484 numquam
475 1405 646 1484 acquiescit,
662 1415 761 1488 petest
776 1425 832 1470 nos
847 1409 879 1470 iu
895 1412 1002 1472 studiis
1014 1413 1143 1490 cogniti-

61 1491 133 1552 onis
149 1491 240 1551 etiam
255 1489 321 1550 siue
336 1508 425 1569 opera
437 1500 539 1552 nostra
554 1493 718 1553 continere.
756 1493 862 1554 Omnis
883 1503 983 1557 autem
1006 1498 1142 1577 cogitatio

8 1583 39 1630 15
61 1583 229 1654 motusque
244 1575 337 1635 animi
351 1582 401 1636 aut
416 1576 447 1635 in
462 1577 592 1638 consiliis
608 1577 760 1656 capiendis
783 1579 820 1639 de
841 1580 932 1640 rebus
954 1581 1087 1644 honestis
1114 1593 1143 1646 et

59 1660 286 1742 pertinentibus
303 1661 337 1722 ad
350 1660 427 1720 bene
439 1660 587 1740 beateque
601 1662 762 1724 vivendum
775 1664 869 1724 autin
881 1667 988 1727 studiis
1002 1669 1143 1731 scientiae

60 1745 304 1826 cognitionisque
319 1744 493 1806 versabitur.
531 1748 573 1807 Ac
589 1748 625 1808 de
641 1748 738 1827 primo
754 1748 874 1827 quidem
891 1751 981 1812 oflicii
998 1755 1079 1814 lente
1095 1755 1143 1815 di-

60 1849 174 1892 minus.

96 1987 122 2036 3.
132 1984 254 2036 Alterum
268 1989 307 2034 eet
322 1987 426 2034 adicem
445 1985 487 2036 die
500 1984 577 2036 norm
631 1988 719 2036 ratcre
736 1986 877 2052 productus
895 1987 930 2037 ad
945 1989 1142 2055 praedicendam

59 2057 109 2107 der
141 2053 355 2118 grammatiseheu
378 2052 577 2116 Abnungtgleit
631 2053 744 2120 eclipsin.
762 2054 818 2104 Liv.
833 2056 877 2118 44,
899 2056 939 2106 ³7.
952 2055 1144 2125 astrologicist

59 2124 104 2174 die
117 2123 144 2172 in
159 2121 205 2172 der
216 2121 369 2187 Appositieo
382 2137 464 2184 eoum
477 2122 528 2186 lug,
541 2121 578 2171 ist
632 2122 687 2172 also
700 2121 757 2172 hier
769 2123 841 2174 nieht
854 2124 1047 2176 Sterndeuterei
1055 2166 1063 2193 ‚
1082 2144 1142 2179 sou-

47 2193 87 2243 ·iu
101 2192 159 2240 dem
171 2189 388 2255 entsprechenden
399 2190 509 2240 alterum
522 2187 578 2240 eui·
632 2192 695 2240 deru
707 2189 880 2242 Astroucmie.

60 2259 179 2324 gegeben
191 2258 242 2308 und
255 2257 281 2308 iu
295 2257 368 2307 einen
386 2258 576 2320 selbstiindigen

61 2328 125 2378 Setz
151 2326 355 2389 iibergegungen.
385 2324 401 2390 ᾖ
426 2329 459 2378 66
477 2327 578 2377 duabus

60 2397 278 2458 retenentur,
298 2407 408 2458 querum
421 2411 502 2446 una-.
531 2393 579 2442 At-

60 2467 122 2514 iera
134 2465 173 2512 est
183 2477 236 2512 rea.
248 2461 330 2527 5141,
344 2461 398 2511 142.
413 2464 444 2512 de
457 2459 516 2513 or.l
533 2462 574 2523 27,

63 2531 113 2582 123
139 2533 189 2580 leae
212 2544 306 2580 caueae
329 2532 484 2580 inveniebam
502 2530 575 2590 duce,

60 2615 143 2650 cnam
151 2628 182 2647 -.
202 2598 295 2649 Altera
307 2602 345 2648 eet
357 2600 423 2650 baec.

97 2669 124 2718 4.
147 2666 311 2732 eaedemque,
334 2667 376 2716 die
393 2667 509 2731 zugleieh
531 2693 573 2714 -.

62 2733 166 2786 Ebeusc
180 2735 246 2784 wird
258 2738 283 2784 et
291 2738 315 2784 is
326 2737 473 2799 gebruuebt,
486 2749 528 2784 um
539 2734 576 2784 ei·

63 2820 113 2854 nen
127 2801 228 2866 begrill'
236 2803 455 2854 hervorzuheben.

96 2873 121 2922 t.
149 2870 175 2920 t’.
191 2869 333 2938 Sulpicium
351 2871 510 2922 adicimus:
529 2871 575 2919 der

61 2938 134 2990 lniln.
147 2939 185 2988 ist
201 2939 282 2989 leicbt
298 2955 344 2988 aus
361 2941 416 2989 dem
434 2941 575 3000 vcrherge-

61 3009 164 3058 bentlen
175 3005 384 3058 Zwisebensutze
395 3024 427 3056 zu
437 3007 574 3070 ergiinzen.

62 3077 91 3126 C.
112 3074 244 3141 Sulpicius
264 3073 344 3138 Galus
362 3091 418 3124 war
430 3075 512 3138 Legat
529 3074 573 3124 des

63 3143 91 3194 L.
106 3143 236 3194 Aemilius
250 3141 356 3193 Paullus
373 3144 398 3193 iu
410 3142 575 3194 Macedonica

63 3212 116 3261 und
133 3210 184 3261 588
202 3211 273 3274 1166)
291 3209 393 3262 Consul.
414 3213 444 3261 de
462 3227 516 3262 sen.
535 3211 575 3271 14,

63 3281 96 3330 ts
113 3278 262 3330 vallabamur
283 3281 309 3329 ia
330 3279 414 3331 studio
432 3279 579 3330 dimetiendi

61 3363 143 3415 paene
159 3346 226 3397 eceli
241 3351 318 3412 utque
332 3351 416 3399 imae
435 3347 461 3398 0.
477 3345 576 3410 Galum,

62 3415 226 3481 semilebrem
237 3418 323 3484 patris
334 3419 380 3477 tui,
394 3415 485 3484 Scepie.
508 3413 576 3466 Plini

65 3491 117 3535 nat.
129 3485 154 3533 b.
166 3483 188 3534 ll
203 3483 243 3547 12,
258 3483 273 3534 9
292 3487 315 3533 el
332 3487 456 3536 euticetem
476 3482 579 3548 quidem

65 3551 180 3618 dqsectus
196 3554 333 3618 utriusque
347 3556 451 3619 primus
468 3551 580 3602 Romani

62 3621 169 3684 generis
186 3622 215 3669 in
230 3618 324 3686 uulgus
339 3621 437 3671 extulit
449 3618 578 3688 Sulpicius

67 3686 155 3751 Gabra,
172 3691 218 3753 qui
233 3686 323 3740 ceueul
338 3705 397 3739 eum
409 3688 444 3740 M.
457 3687 577 3738 Marcelle

65 3755 133 3819 fuit,
156 3755 204 3806 sed
220 3759 277 3807 tum
294 3759 413 3807 tribunus
430 3755 543 3808 rnilitum
562 3786 575 3796 -

64 3823 147 3889 pridie
164 3841 242 3890 quam
261 3825 355 3875 Perses
371 3840 421 3876 rea:
438 3828 577 3891 seperatus

66 3905 84 3938 u
95 3891 186 3944 Paullo
198 3895 238 3944 est
249 3895 277 3942 in
295 3895 432 3944 coabbatem
448 3895 480 3944 ab
497 3895 577 3960 impe·

667 2275 1142 2344 8.Sec.Pempeius,0heimdesPem-
1197 2271 1202 2282 ⁸

633 2344 705 2411 pejus
715 2345 830 2408 Magnus.
855 2345 924 2396 Brut.
935 2349 977 2410 47,
990 2347 1037 2396 175
1048 2347 1145 2400 Seoetue

626 2414 720 2478 stater
733 2415 789 2462 eice
800 2416 1058 2476 praestantissimum
1070 2420 1143 2484 inge·

630 2483 704 2530 nium
716 2477 856 2530 contullerat
874 2481 909 2530 ad
925 2497 1057 2533 autumem
1075 2488 1144 2536 iuris

629 2548 752 2598 sicilicet
770 2546 967 2618 utI-perfeetum
987 2556 1144 2618 geometriae

629 2621 653 2667 et
663 2632 754 2668 rerum
765 2618 908 2667 steiearum
919 2621 1064 2671 seientiam.

666 2703 705 2752 10.
718 2705 791 2754 euius
802 2703 890 2755 studio
902 2703 994 2755 abduci
1004 2713 1066 2758 cet:
1084 2723 1142 2758 eus·

629 2770 769 2822 fibulieher
787 2771 904 2824 dusselbe
922 2771 933 2823 l
951 2789 973 2822 c.
992 2771 1068 2840 43i.‚
1088 2776 1142 2838 vgl.

629 2837 700 2889 lliul.
713 2837 729 2904 ξ
744 2840 784 2890 11.

666 2925 705 2975 12.
729 2925 842 2989 reddes,
868 2899 1068 2989 Gelegeuheiteu
1093 2945 1140 2980 zur

629 2991 782 3054 Riickkehr3
796 3009 819 3046 s.
831 2994 847 3058 ξ
860 2995 900 3045 41.

666 3075 705 3124 14.
723 3077 780 3125 eine
792 3090 868 3141 opere
879 3080 981 3128 nostru:
1004 3078 1068 3128 ohne
1081 3079 1141 3129 dass

630 3142 679 3192 wir
697 3143 947 3194 wissenscheitliche
966 3143 1066 3208 Fregen
1085 3161 1141 3196 zum

630 3209 803 3274 eigentliehen
828 3208 1007 3275 Gegenstaude
1031 3229 1140 3265 unserer

629 3276 827 3342 lleseh'u'itigung
838 3281 951 3344 macheu,
964 3281 1029 3330 lanu
1043 3283 1085 3332 die
1098 3283 1141 3332 nie

630 3347 743 3396 ruhcude
760 3343 1002 3411 Geistesthiitiglreit
1023 3350 1079 3399 eine
1092 3349 1140 3400 Er-

631 3415 776 3478 weiterung
799 3429 905 3466 unserer
924 3415 1080 3468 lienntoisse
1099 3431 1139 3468 er-

632 3484 744 3534 streben.

670 3550 899 3618 Omnis—eegitet.
917 3559 967 3602 eet.
1000 3551 1085 3604 Damit
1097 3555 1141 3605 be·

632 3620 754 3670 sehriiulrt
770 3621 823 3672 Cic.
848 3620 888 3670 die
905 3619 1065 3684 bereehtigte
1081 3621 1141 3673 Gei-

631 3689 826 3752 stestbiitigleit
841 3687 888 3738 aui
896 3689 938 3738 die
950 3689 1140 3751 llesehlussias-

632 3771 696 3819 sung
705 3755 770 3806 iiber
778 3758 824 3808 das
835 3756 902 3807 Gute
912 3755 1139 3810 uudllrkenutniss

631 3823 676 3874 des
691 3824 805 3875 Wahreu
821 3825 871 3874 und
886 3825 1008 3876 schliesst
1025 3827 1067 3876 die
1085 3827 1139 3877 deru

630 3893 783 3955 Vergniigeu
794 3894 918 3944 dieuende
927 3892 1075 3958 'l'hiitigkeit
1084 3911 1138 3946 aus.
