2800 4506
389 231 433 282 DE
446 231 706 284 ostimentum.
725 233 798 286 CAP.
812 233 853 287 26.
868 233 909 286 27.
1110 235 1171 298 233

200 390 288 452 latim
300 397 444 469 percepset
458 387 633 450 mdlrtr'orom
649 387 811 458 andedum,

200 474 269 538 Fide'
284 483 415 536 motae
428 472 474 533 ius
485 483 623 552 perpetuo
637 473 763 552 ponerer.

99 565 144 627 illi
160 580 229 624 vero
245 577 307 621 nou
320 559 409 619 modo
435 575 504 618 curn
524 558 677 629 hortibus,
698 577 803 620 verum
824 559 913 620 etiam
935 579 1005 622 cum
1026 560 1174 633 fluctibus,
1195 575 1228 626 99

97 650 129 712 id
142 647 222 729 qnod
234 645 314 716 lecit,
330 643 472 704 dimicare
485 643 591 704 melius
605 643 662 704 fuit
677 663 766 723 quam
781 644 920 707 deserere
934 646 1172 708 consentientem

64 746 79 794 5
99 733 256 797 Graeciam
271 730 306 792 ad
321 729 433 792 bellum
449 727 584 790 barbaris
599 728 802 790 inferendum.
923 781 926 795 .

187 817 247 878 Sed
267 814 441 878 omittamus
463 820 494 874 et
513 813 626 876 fabulas
646 821 677 875 et
699 821 838 876 externa:
862 815 977 878 adrem
993 816 1101 877 factam
1117 835 1175 876 no-

99 913 257 982 suamque
272 899 446 962 veniamus:
469 896 506 958 ll.
523 898 629 960 Atilius
644 899 791 978 Regulus,
812 918 882 961 cnm
897 901 1004 962 consul
1017 901 1129 962 iterum
1144 900 1176 961 in

97 988 198 1052 Africa
219 1005 257 1047 ex
276 983 392 1047 insidiis
414 990 518 1062 captus
539 992 620 1046 esset
641 985 716 1046 duce
738 985 909 1064 Xanthippo
929 985 1174 1058 Lacedaemonio,

98 1076 282 1154 imperatore
296 1077 397 1132 autem
410 1076 494 1148 patre
506 1069 679 1131 Hannibalis
690 1069 865 1141 Hamilcare,
881 1070 996 1132 iuratus
1008 1071 1117 1132 missus
1129 1079 1175 1132 est

50 1169 83 1220 to
101 1162 139 1224 ad
151 1166 301 1228 senatum,
318 1161 361 1226 ut,
378 1154 437 1214 nisi
448 1153 555 1214 redditi
567 1163 668 1216 esseut
679 1154 789 1216 Poenis
802 1156 908 1234 captivi
920 1155 1034 1217 nobiles
1047 1155 1175 1234 quidam,

100 1245 214 1308 rediret
234 1243 299 1321 ipse
321 1238 544 1317 Karthaginem.
582 1240 609 1300 ls
630 1258 699 1301 cum
722 1241 847 1302 Romam
870 1241 1014 1312 venisset,
1041 1241 1175 1302 utilitatis

101 1329 232 1410 speciem
248 1325 376 1397 videbat,
392 1324 445 1386 sed
462 1342 537 1395 eam,
553 1332 587 1384 ut
599 1341 649 1386 res
661 1325 799 1398 declarat,
814 1326 919 1386 falsam
931 1326 1083 1388 iudicavit:
1099 1344 1176 1406 quae

101 1422 166 1478 erat
181 1412 262 1474 talis:
285 1425 407 1471 manere
421 1409 454 1470 in
468 1408 572 1488 patria,
588 1427 654 1471 esse
669 1409 772 1472 domui
787 1429 859 1472 suae
881 1429 950 1474 cum
973 1429 1081 1482 uxore,
1106 1429 1175 1472 cum

102 1500 214 1568 liberis,
230 1515 320 1576 quam
336 1495 533 1556 calamitatem
549 1495 712 1573 accepisset
726 1495 857 1568 inbelle,
873 1515 1065 1560 communem
1078 1497 1176 1558 tortu·

52 1593 83 1644 15
103 1605 159 1648 nae
186 1571 290 1644 bellica
316 1580 515 1641 eiudicantem
542 1587 646 1641 tenere
673 1581 837 1642 consularis
863 1580 1015 1660 dignitatis
1039 1583 1177 1662 gradum.

102 1671 176 1744 Quis
191 1669 266 1730 haec
281 1673 370 1744 negat
385 1684 451 1726 esse
465 1662 573 1726 utilia?
589 1667 686 1739 Quem
702 1663 831 1728 censes?
853 1666 1025 1744 Magnitudo
1041 1667 1134 1729 animi
1149 1675 1178 1728 et

103 1755 247 1818 tortitudo
262 1761 358 1829 negat.

187 1839 267 1899 Num
282 1835 489 1914 locupletiores
506 1834 622 1913 quaeris
637 1831 798 1897 auctores?
820 1836 932 1897 Harum
949 1836 1030 1916 enim
1051 1844 1097 1898 est
1117 1838 1179 1897 vir·
1194 1841 1232 1898 tt

101 1933 200 1989 tutum
218 1921 375 2002 proprium
386 1919 459 1981 nihil
471 1919 673 1992 extimescere,
689 1919 792 1980 omnia
804 1921 935 1982 humana
947 1921 1109 2000 despicere,
1125 1922 1176 1981 ni-
1200 1935 1248 1985 too

48 2018 83 2067 20
102 2012 142 2073 hil
164 2009 245 2090 quod
267 2005 382 2068 homini
404 2004 536 2066 accidere
556 2005 649 2083 possit
675 2005 897 2067 intolerandum
922 2013 1034 2086 putare.
1073 2007 1176 2086 ltaque

101 2097 174 2176 quid
189 2090 283 2156 lecit?
300 2092 335 2152 ln
350 2097 489 2152 senatum
505 2090 596 2162 veuit,
613 2091 751 2152 mandata
766 2091 916 2170 exposuit,
938 2090 1121 2153 sententiam
1137 2109 1176 2152 ne

139 2281 160 2332 l.
171 2280 307 2347 percepset,
318 2275 368 2326 wie
380 2277 521 2326 retinerem
533 2275 612 2338 Vere.
667 2275 718 2326 und
730 2276 853 2326 danudon
863 2276 926 2328 Plan
936 2278 982 2328 der
992 2277 1177 2328 Sehlaehteot-

101 2350 166 2400 Aeo.
185 2345 219 2397 lV
237 2345 299 2404 coc,
319 2359 465 2411 crepcemur
484 2343 545 2394 lior.
564 2349 612 2394 sat.
667 2342 765 2394 worlcn
782 2344 872 2406 habeo,
890 2345 916 2394 iu
930 2345 1043 2398 welches
1055 2346 1098 2396 die
1111 2343 1178 2396 liar·

101 2418 150 2482 15,
164 2417 205 2466 79.
218 2441 251 2450 -
260 2411 380 2475 macic,
393 2412 535 2462 Frcelcheit.
667 2412 758 2475 thager
774 2411 854 2462 durch
872 2412 912 2461 die
933 2413 1050 2464 Reiterei
1069 2413 1178 2477 siogteu.

138 2487 161 2534 2.
185 2481 248 2534 mre
259 2482 296 2531 ist
308 2480 426 2541 Genetiv,
440 2481 498 2532 eine
511 2488 614 2532 eontra·
669 2479 720 2530 Cic.
743 2480 843 2530 erziilrlt
859 2496 888 2530 so
905 2495 947 2530 om
966 2481 1015 2531 den
1036 2481 1115 2531 llnhm
1132 2483 1178 2530 der

101 2549 367 2612 hirteForm‚welohe
378 2549 419 2598 bei
430 2548 552 2600 Dichtern
563 2549 614 2599 und
669 2547 769 2610 Gegner
782 2564 814 2598 zu
824 2548 975 2598 aelamiileru.

102 2615 615 2740 Prffiaikernzuciceros'deitnochselcr
703 2647 727 2696 9Ι
771 2651 829 2697 am
858 2646 1006 2697 Hannibal2¹⁴5
1025 2645 1170 2697 dammare

102 2691 136 2740 hi
199 2701 264 2738 war.
1172 2685 1177 2696 ·

138 2703 232 2808 isli.
243 2753 344 2804 Aeetius
357 2751 489 2818 Regulus:
510 2754 564 2817 vgl.
577 2753 586 2802 l
598 2751 614 2817 ξ

104 2826 153 2888 393
163 2825 205 2875 die
216 2819 437 2885 Gelanpennalnne
447 2820 492 2872 des
501 2820 614 2885 Regulus

103 2893 165 2945 sdllt
182 2891 303 2955 libripens
321 2889 347 2940 in
366 2889 410 2938 das
427 2888 450 2940 J.
469 2889 519 2940 499
537 2890 615 2954 (255),

103 2977 145 3011 wo
159 2977 189 3012 cr
202 2959 272 3010 nicht
284 2957 322 3008 ule
332 2956 436 3021 Consul,
448 2957 558 3008 condem
567 2973 613 3022 pro

103 3028 250 3082 consulein
267 3023 357 3076 Africo
368 3040 432 3075 war.
456 3024 516 3076 Scin
535 3027 614 3076 zwei-

103 3107 144 3150 tos
167 3097 291 3147 Consulat
312 3091 371 3144 tant
393 3095 420 3144 in
439 3094 484 3144 das
508 3094 617 3144 vorhcr-

103 3164 304 3231 gehendetalar.

140 3235 164 3284 8.
194 3247 231 3282 aa·
246 3231 358 3284 insidiis.
383 3228 501 3280 Dascdic
521 3228 617 3281 Punier

670 2714 785 2766 Deserat
798 2715 838 2766 eiu
850 2713 970 2778 luctuum,
989 2715 1054 2766 deno
1067 2715 1113 2765 der
1128 2713 1178 2764 lla-

668 2783 769 2849 milam,
784 2783 896 2834 welcher
908 2783 935 2834 in
949 2784 994 2833 der
1006 2783 1124 2834 Sehlaeht
1136 2782 1178 2833 bei

669 2849 755 2902 Tunes
768 2851 817 2902 499
836 2849 906 2916 (255)
920 2851 964 2902 das
984 2851 1179 2902 Obercomman-

669 2919 700 2968 do
717 2918 813 2982 liihrte,
836 2921 907 2970 hatte
926 2922 1003 2971 sehon
1021 2921 1048 2970 in
1071 2920 1179 2972 Sicilien

669 2986 739 3038 nicht
748 2985 909 3051 ohnellrfolg
917 2989 963 3039 den
974 2987 1055 3051 lirieg
1064 2989 1178 3052 geleitet,

669 3056 1032 3118 weureudltamilcarssaroas,
1040 3056 1178 3106 Hannibale

672 3126 758 3183 Vates,
778 3131 833 3174 erst
846 3121 895 3173 506
908 3121 978 3185 (248)
994 3125 1032 3173 als
1045 3139 1110 3187 pauc
1119 3123 1179 3184 jun-

670 3207 716 3256 ger
725 3191 800 3241 Mauo
812 3191 859 3242 den
871 3189 1025 3241 Oberbelehl
1035 3192 1061 3240 iu
1071 3189 1180 3242 Sicilien

106 3300 198 3351 ,Ἡ
268 3301 273 3312 .
340 3297 402 3350 fft
431 3297 487 3348 Η
565 3298 571 3310 .
670 3259 991 3311 iibernahmuudnoehim
1005 3259 1180 3310 Manncsaltcr

103 3317 195 3421 aas„
201 3312 431 3434 ἷζιῗὲἳξοῌᾘ
437 3305 617 3416 1⁸32⁸fff2⁸ffi
671 3344 734 3390 war,
756 3328 795 3378 als
814 3343 843 3378 er
855 3327 904 3377 525
917 3326 988 3390 (229)
1001 3327 1027 3377 in
1041 3326 1180 3393 Hispanico

104 3403 486 3500 verammxmmpa,
505 3433 618 3484 aerae·
671 3396 722 3448 ¹³⁰¹·
841 3481 847 3493 ,

103 3507 195 3558 l'rihrer
219 3504 411 3571 spartanischer
431 3501 548 3564 Solones,
572 3501 618 3554 der
709 3482 747 3534 ¹²·
759 3497 809 3546 mr
822 3482 863 3562 ‘¹¹9
876 3479 1044 3561 TP⁰¹⁸⁰⁰¹¹⁰¹¹2
1056 3481 1102 3531 (¹⁰¹¹
1114 3479 1180 3532 Vffi'·

105 3575 172 3626 nach
195 3569 285 3624 Africa
305 3572 456 3637 gckommen
476 3586 545 3633 war,
569 3569 617 3622 don
672 3549 728 3601 ΜΓ
738 3552 784 3601 ‘¹⁰¹'
797 3548 954 3614 Ef⁰¹ff¹¹¹⁸⁸ffl

103 3642 269 3706 liamhagern
280 3642 384 3705 gezcigt
395 3639 485 3702 habeo,
502 3638 617 3690 dessein
706 3637 747 3686 21.
761 3635 925 3686 [arenarum
940 3637 1021 3686 uenit:
1042 3635 1084 3684 die
1100 3649 1181 3698 gance

105 3707 202 3776 Rumpi
213 3711 239 3758 in
252 3710 298 3760 der
313 3709 401 3760 Elaeae
413 3708 455 3759 bei
466 3707 540 3758 ihren
557 3705 618 3756 lile·
672 3701 870 3757 Gesandtsclrait
880 3701 1088 3765 istaweifelhelt,
1097 3703 1181 3754 indem

105 3782 218 3846 phanten
230 3779 280 3829 und
293 3777 364 3828 ihrer
375 3777 545 3838 iiborlcseueu
556 3772 618 3826 Rei·
672 3773 711 3824 eie
722 3773 781 3822 bald
794 3771 821 3822 in
833 3771 879 3822 das
891 3771 953 3821 Jahr
966 3773 1015 3822 503
1028 3773 1107 3836 (251),
1122 3770 1182 3824 bald

105 3848 172 3900 terei
186 3845 278 3898 tursio
291 3842 564 3898 weitvortheilhelter
577 3843 618 3894 alc
672 3843 699 3892 in
718 3841 767 3892 513
789 3840 875 3904 pelage
895 3839 975 3902 wird3
999 3857 1020 3892 s.
1042 3841 1181 3892 Mommsen

106 3918 133 3967 io
145 3914 303 3979 gebirgigern
320 3913 429 3964 Terrain
446 3911 503 3964 seia
520 3911 617 3974 wdrde,
672 3913 734 3960 rdrn.
748 3909 838 3961 Geech.
851 3907 862 3958 l
873 3924 897 3974 p.
912 3908 971 3960 498.
