<?xml version="1.0" encoding="UTF-8"?>
<!DOCTYPE html PUBLIC "-//W3C//DTD XHTML 1.0 Transitional//EN"
    "http://www.w3.org/TR/xhtml1/DTD/xhtml1-transitional.dtd">
<html xmlns="http://www.w3.org/1999/xhtml" xml:lang="en" lang="en">
 <head>
  <title>
</title>
<meta http-equiv="Content-Type" content="text/html;charset=utf-8" />
  <meta name='ocr-system' content='tesseract 3.04.00' />
  <meta name='ocr-capabilities' content='ocr_page ocr_carea ocr_par ocr_line ocrx_word'/>
</head>
<body>
  <div class='ocr_page' id='page_1' title='image "./deofficiisadmar00heingoog_0093.png"; bbox 0 0 2768 4498; ppageno 0'>
   <div class='ocr_carea' id='block_1_1' title="bbox 216 221 986 294">
    <p class='ocr_par' dir='ltr' id='par_1_1' title="bbox 216 221 986 294">
     <span class='ocr_line' id='line_1_1' title="bbox 216 221 986 294; baseline -0.009 -13"><span class='ocrx_word' id='word_1_1' title='bbox 216 233 256 294; x_wconf 83' lang='lat'>84</span> <span class='ocrx_word' id='word_1_2' title='bbox 530 226 574 278; x_wconf 84' lang='lat' dir='ltr'>DE</span> <span class='ocrx_word' id='word_1_3' title='bbox 588 223 800 280; x_wconf 75' lang='lat' dir='ltr'>onnlensnln.</span> <span class='ocrx_word' id='word_1_4' title='bbox 812 222 831 275; x_wconf 87' lang='lat' dir='ltr'>l.</span> <span class='ocrx_word' id='word_1_5' title='bbox 858 221 930 274; x_wconf 77' lang='lat' dir='ltr'>etr.</span> <span class='ocrx_word' id='word_1_6' title='bbox 943 223 986 274; x_wconf 78' lang='lat'>27.</span> 
     </span>
    </p>
   </div>
   <div class='ocr_carea' id='block_1_2' title="bbox 215 375 1318 888">
    <p class='ocr_par' dir='ltr' id='par_1_2' title="bbox 215 375 1318 888">
     <span class='ocr_line' id='line_1_2' title="bbox 215 375 1287 458; baseline -0.009 -12"><span class='ocrx_word' id='word_1_7' title='bbox 215 384 343 446; x_wconf 84' lang='lat' dir='ltr'>rendum</span> <span class='ocrx_word' id='word_1_8' title='bbox 359 391 413 456; x_wconf 85' lang='lat' dir='ltr'>est,</span> <span class='ocrx_word' id='word_1_9' title='bbox 429 381 481 444; x_wconf 93' lang='lat' dir='ltr'>sed</span> <span class='ocrx_word' id='word_1_10' title='bbox 493 380 581 442; x_wconf 90' lang='lat' dir='ltr'>etiam</span> <span class='ocrx_word' id='word_1_11' title='bbox 592 380 624 442; x_wconf 91' lang='lat' dir='ltr'>iu</span> <span class='ocrx_word' id='word_1_12' title='bbox 635 379 732 440; x_wconf 90' lang='lat' dir='ltr'>trihus</span> <span class='ocrx_word' id='word_1_13' title='bbox 743 377 947 458; x_wconf 85' lang='lat' dir='ltr'>superioribus</span> <span class='ocrx_word' id='word_1_14' title='bbox 960 375 1031 457; x_wconf 92' lang='lat' dir='ltr'>quid</span> <span class='ocrx_word' id='word_1_15' title='bbox 1044 375 1147 438; x_wconf 88' lang='lat' dir='ltr'>deceat</span> <span class='ocrx_word' id='word_1_16' title='bbox 1159 385 1287 454; x_wconf 88' lang='lat' dir='ltr'>apparet.</span> 
     </span>
     <span class='ocr_line' id='line_1_3' title="bbox 216 462 1287 545; baseline -0.007 -15"><span class='ocrx_word' id='word_1_17' title='bbox 216 471 290 530; x_wconf 92' lang='lat' dir='ltr'>Nam</span> <span class='ocrx_word' id='word_1_18' title='bbox 308 475 338 529; x_wconf 92' lang='lat' dir='ltr'>et</span> <span class='ocrx_word' id='word_1_19' title='bbox 351 469 467 528; x_wconf 90' lang='lat' dir='ltr'>ratione</span> <span class='ocrx_word' id='word_1_20' title='bbox 482 466 527 526; x_wconf 85' lang='lat' dir='ltr'>uti</span> <span class='ocrx_word' id='word_1_21' title='bbox 542 474 631 545; x_wconf 89' lang='lat' dir='ltr'>atque</span> <span class='ocrx_word' id='word_1_22' title='bbox 647 465 781 525; x_wconf 83' lang='lat' dir='ltr'>oratioue</span> <span class='ocrx_word' id='word_1_23' title='bbox 796 463 962 542; x_wconf 79' lang='lat' dir='ltr'>prudenter</span> <span class='ocrx_word' id='word_1_24' title='bbox 977 471 1007 523; x_wconf 89' lang='lat' dir='ltr'>et</span> <span class='ocrx_word' id='word_1_25' title='bbox 1022 480 1111 540; x_wconf 89' lang='lat' dir='ltr'>agere</span> <span class='ocrx_word' id='word_1_26' title='bbox 1126 462 1208 538; x_wconf 90' lang='lat' dir='ltr'>quod</span> <span class='ocrx_word' id='word_1_27' title='bbox 1224 479 1287 539; x_wconf 85' lang='lat' dir='ltr'>agas</span> 
     </span>
     <span class='ocr_line' id='line_1_4' title="bbox 217 546 1288 630; baseline -0.008 -15"><span class='ocrx_word' id='word_1_28' title='bbox 217 554 404 616; x_wconf 89' lang='lat' dir='ltr'>considerate</span> <span class='ocrx_word' id='word_1_29' title='bbox 420 551 562 630; x_wconf 89' lang='lat' dir='ltr'>omnique</span> <span class='ocrx_word' id='word_1_30' title='bbox 577 551 608 612; x_wconf 93' lang='lat' dir='ltr'>in</span> <span class='ocrx_word' id='word_1_31' title='bbox 628 569 662 611; x_wconf 89' lang='lat' dir='ltr'>re</span> <span class='ocrx_word' id='word_1_32' title='bbox 683 549 755 628; x_wconf 93' lang='lat' dir='ltr'>quid</span> <span class='ocrx_word' id='word_1_33' title='bbox 776 549 814 610; x_wconf 89' lang='lat' dir='ltr'>sit</span> <span class='ocrx_word' id='word_1_34' title='bbox 834 549 896 610; x_wconf 90' lang='lat' dir='ltr'>veri</span> <span class='ocrx_word' id='word_1_35' title='bbox 918 547 1021 609; x_wconf 87' lang='lat' dir='ltr'>videre</span> <span class='ocrx_word' id='word_1_36' title='bbox 1043 555 1073 607; x_wconf 90' lang='lat' dir='ltr'>et</span> <span class='ocrx_word' id='word_1_37' title='bbox 1093 547 1175 607; x_wconf 91' lang='lat' dir='ltr'>tueri</span> <span class='ocrx_word' id='word_1_38' title='bbox 1198 546 1288 619; x_wconf 91' lang='lat' dir='ltr'>decet,</span> 
     </span>
     <span class='ocr_line' id='line_1_5' title="bbox 219 632 1289 718; baseline -0.007 -18"><span class='ocrx_word' id='word_1_39' title='bbox 219 646 382 718; x_wconf 79' lang='lat' dir='ltr'>contraque</span> <span class='ocrx_word' id='word_1_40' title='bbox 399 638 458 698; x_wconf 85' lang='lat' dir='ltr'>falli</span> <span class='ocrx_word' id='word_1_41' title='bbox 475 655 584 707; x_wconf 86' lang='lat' dir='ltr'>errare,</span> <span class='ocrx_word' id='word_1_42' title='bbox 601 635 657 697; x_wconf 92' lang='lat' dir='ltr'>lahi</span> <span class='ocrx_word' id='word_1_43' title='bbox 675 634 772 714; x_wconf 84' lang='lat' dir='ltr'>decipi</span> <span class='ocrx_word' id='word_1_44' title='bbox 786 642 847 694; x_wconf 93' lang='lat' dir='ltr'>tam</span> <span class='ocrx_word' id='word_1_45' title='bbox 864 633 988 696; x_wconf 90' lang='lat' dir='ltr'>dedecet</span> <span class='ocrx_word' id='word_1_46' title='bbox 1005 651 1094 711; x_wconf 91' lang='lat' dir='ltr'>quam</span> <span class='ocrx_word' id='word_1_47' title='bbox 1112 632 1241 694; x_wconf 87' lang='lat' dir='ltr'>delirare</span> <span class='ocrx_word' id='word_1_48' title='bbox 1263 641 1289 692; x_wconf 90' lang='lat' dir='ltr'>et</span> 
     </span>
     <span class='ocr_line' id='line_1_6' title="bbox 218 717 1318 802; baseline -0.011 -16"><span class='ocrx_word' id='word_1_49' title='bbox 218 732 321 786; x_wconf 89' lang='lat' dir='ltr'>mente</span> <span class='ocrx_word' id='word_1_50' title='bbox 336 743 403 786; x_wconf 89' lang='lat' dir='ltr'>esse</span> <span class='ocrx_word' id='word_1_51' title='bbox 418 731 548 802; x_wconf 90' lang='lat' dir='ltr'>captum,</span> <span class='ocrx_word' id='word_1_52' title='bbox 564 729 595 782; x_wconf 91' lang='lat' dir='ltr'>et</span> <span class='ocrx_word' id='word_1_53' title='bbox 609 721 688 782; x_wconf 86' lang='lat' dir='ltr'>iusta</span> <span class='ocrx_word' id='word_1_54' title='bbox 703 719 805 782; x_wconf 90' lang='lat' dir='ltr'>omnia</span> <span class='ocrx_word' id='word_1_55' title='bbox 825 719 931 780; x_wconf 88' lang='lat' dir='ltr'>decora</span> <span class='ocrx_word' id='word_1_56' title='bbox 952 727 1032 788; x_wconf 83' lang='lat' dir='ltr'>sunt,</span> <span class='ocrx_word' id='word_1_57' title='bbox 1054 717 1167 778; x_wconf 91' lang='lat' dir='ltr'>iniusta</span> <span class='ocrx_word' id='word_1_58' title='bbox 1189 725 1289 778; x_wconf 86' lang='lat' dir='ltr'>contra</span> <span class='ocrx_word' id='word_1_59' title='bbox 1305 727 1318 774; x_wconf 84' lang='lat'>5</span> 
     </span>
     <span class='ocr_line' id='line_1_7' title="bbox 218 801 1291 888; baseline -0.008 -18"><span class='ocrx_word' id='word_1_60' title='bbox 218 817 252 870; x_wconf 90' lang='lat' dir='ltr'>ut</span> <span class='ocrx_word' id='word_1_61' title='bbox 266 809 365 888; x_wconf 90' lang='lat' dir='ltr'>turpia</span> <span class='ocrx_word' id='word_1_62' title='bbox 380 808 423 869; x_wconf 91' lang='lat' dir='ltr'>sic</span> <span class='ocrx_word' id='word_1_63' title='bbox 437 807 586 870; x_wconf 89' lang='lat' dir='ltr'>indecora.</span> <span class='ocrx_word' id='word_1_64' title='bbox 617 805 727 868; x_wconf 87' lang='lat' dir='ltr'>Similis</span> <span class='ocrx_word' id='word_1_65' title='bbox 743 813 789 866; x_wconf 88' lang='lat' dir='ltr'>est</span> <span class='ocrx_word' id='word_1_66' title='bbox 804 803 880 864; x_wconf 90' lang='lat' dir='ltr'>ratio</span> <span class='ocrx_word' id='word_1_67' title='bbox 894 803 1086 864; x_wconf 88' lang='lat' dir='ltr'>fortitudinis.</span> <span class='ocrx_word' id='word_1_68' title='bbox 1109 801 1199 873; x_wconf 87' lang='lat' dir='ltr'>Quod</span> <span class='ocrx_word' id='word_1_69' title='bbox 1216 802 1291 862; x_wconf 91' lang='lat' dir='ltr'>enim</span> 
     </span>
    </p>
   </div>
   <div class='ocr_carea' id='block_1_3' title="bbox 166 887 1335 1992">
    <p class='ocr_par' dir='ltr' id='par_1_3' title="bbox 166 887 1335 1992">
     <span class='ocr_line' id='line_1_8' title="bbox 212 887 1291 972; baseline -0.009 -18"><span class='ocrx_word' id='word_1_70' title='bbox 212 893 341 954; x_wconf 85' lang='lat' dir='ltr'>&#39;viriliter</span> <span class='ocrx_word' id='word_1_71' title='bbox 353 893 515 972; x_wconf 89' lang='lat' dir='ltr'>animoque</span> <span class='ocrx_word' id='word_1_72' title='bbox 530 909 638 970; x_wconf 89' lang='lat' dir='ltr'>magno</span> <span class='ocrx_word' id='word_1_73' title='bbox 650 891 694 964; x_wconf 88' lang='lat' dir='ltr'>tit,</span> <span class='ocrx_word' id='word_1_74' title='bbox 710 890 741 952; x_wconf 93' lang='lat' dir='ltr'>id</span> <span class='ocrx_word' id='word_1_75' title='bbox 753 890 876 968; x_wconf 89' lang='lat' dir='ltr'>dignum</span> <span class='ocrx_word' id='word_1_76' title='bbox 889 889 952 950; x_wconf 86' lang='lat' dir='ltr'>viro</span> <span class='ocrx_word' id='word_1_77' title='bbox 965 895 996 949; x_wconf 92' lang='lat' dir='ltr'>et</span> <span class='ocrx_word' id='word_1_78' title='bbox 1006 889 1148 948; x_wconf 90' lang='lat' dir='ltr'>decorum</span> <span class='ocrx_word' id='word_1_79' title='bbox 1160 887 1291 948; x_wconf 86' lang='lat' dir='ltr'>videtur:</span> 
     </span>
     <span class='ocr_line' id='line_1_9' title="bbox 166 971 1292 1057; baseline -0.007 -17"><span class='ocrx_word' id='word_1_80' title='bbox 166 989 198 1040; x_wconf 76' lang='lat'>95</span> <span class='ocrx_word' id='word_1_81' title='bbox 218 979 297 1057; x_wconf 91' lang='lat' dir='ltr'>quod</span> <span class='ocrx_word' id='word_1_82' title='bbox 315 987 426 1048; x_wconf 86' lang='lat' dir='ltr'>contra,</span> <span class='ocrx_word' id='word_1_83' title='bbox 443 978 474 1040; x_wconf 91' lang='lat' dir='ltr'>id</span> <span class='ocrx_word' id='word_1_84' title='bbox 492 986 523 1039; x_wconf 86' lang='lat' dir='ltr'>ut</span> <span class='ocrx_word' id='word_1_85' title='bbox 537 985 625 1055; x_wconf 90' lang='lat' dir='ltr'>turpe</span> <span class='ocrx_word' id='word_1_86' title='bbox 640 975 683 1036; x_wconf 88' lang='lat' dir='ltr'>sic</span> <span class='ocrx_word' id='word_1_87' title='bbox 697 975 883 1036; x_wconf 89' lang='lat' dir='ltr'>indecorum.</span> <span class='ocrx_word' id='word_1_88' title='bbox 914 973 1012 1045; x_wconf 84' lang='lat' dir='ltr'>Quare</span> <span class='ocrx_word' id='word_1_89' title='bbox 1028 971 1161 1051; x_wconf 74' lang='lat' dir='ltr'>pertinet</span> <span class='ocrx_word' id='word_1_90' title='bbox 1172 972 1292 1052; x_wconf 90' lang='lat' dir='ltr'>quidem</span> 
     </span>
     <span class='ocr_line' id='line_1_10' title="bbox 219 1057 1292 1139; baseline -0.007 -15"><span class='ocrx_word' id='word_1_91' title='bbox 219 1065 255 1124; x_wconf 92' lang='lat' dir='ltr'>ad</span> <span class='ocrx_word' id='word_1_92' title='bbox 271 1081 392 1124; x_wconf 90' lang='lat' dir='ltr'>omnem</span> <span class='ocrx_word' id='word_1_93' title='bbox 407 1064 594 1125; x_wconf 81' lang='lat' dir='ltr'>honestatem</span> <span class='ocrx_word' id='word_1_94' title='bbox 610 1062 681 1132; x_wconf 91' lang='lat' dir='ltr'>hoc,</span> <span class='ocrx_word' id='word_1_95' title='bbox 703 1060 783 1139; x_wconf 91' lang='lat' dir='ltr'>quod</span> <span class='ocrx_word' id='word_1_96' title='bbox 799 1060 879 1131; x_wconf 92' lang='lat' dir='ltr'>dico,</span> <span class='ocrx_word' id='word_1_97' title='bbox 900 1059 1042 1120; x_wconf 88' lang='lat' dir='ltr'>decorum</span> <span class='ocrx_word' id='word_1_98' title='bbox 1059 1057 1141 1118; x_wconf 88' lang='lat' dir='ltr'>etita</span> <span class='ocrx_word' id='word_1_99' title='bbox 1153 1057 1292 1136; x_wconf 87' lang='lat' dir='ltr'>pertinet,</span> 
     </span>
     <span class='ocr_line' id='line_1_11' title="bbox 220 1141 1335 1226; baseline -0.007 -16"><span class='ocrx_word' id='word_1_100' title='bbox 220 1158 253 1210; x_wconf 91' lang='lat' dir='ltr'>ut</span> <span class='ocrx_word' id='word_1_101' title='bbox 269 1168 330 1210; x_wconf 90' lang='lat' dir='ltr'>uon</span> <span class='ocrx_word' id='word_1_102' title='bbox 345 1148 498 1210; x_wconf 88' lang='lat' dir='ltr'>recondita</span> <span class='ocrx_word' id='word_1_103' title='bbox 514 1147 639 1226; x_wconf 91' lang='lat' dir='ltr'>quadam</span> <span class='ocrx_word' id='word_1_104' title='bbox 656 1145 772 1206; x_wconf 86' lang='lat' dir='ltr'>ratione</span> <span class='ocrx_word' id='word_1_105' title='bbox 793 1152 948 1214; x_wconf 83' lang='lat' dir='ltr'>cernatur,</span> <span class='ocrx_word' id='word_1_106' title='bbox 964 1142 1018 1205; x_wconf 85' lang='lat' dir='ltr'>sed</span> <span class='ocrx_word' id='word_1_107' title='bbox 1042 1143 1080 1203; x_wconf 90' lang='lat' dir='ltr'>sit</span> <span class='ocrx_word' id='word_1_108' title='bbox 1094 1141 1126 1202; x_wconf 92' lang='lat' dir='ltr'>in</span> <span class='ocrx_word' id='word_1_109' title='bbox 1141 1151 1293 1222; x_wconf 87' lang='lat' dir='ltr'>promptu.</span> <span class='ocrx_word' id='word_1_110' title='bbox 1312 1154 1335 1202; x_wconf 83' lang='lat'>10</span> 
     </span>
     <span class='ocr_line' id='line_1_12' title="bbox 220 1227 1293 1312; baseline -0.006 -19"><span class='ocrx_word' id='word_1_111' title='bbox 220 1234 273 1294; x_wconf 86' lang='lat' dir='ltr'>Est</span> <span class='ocrx_word' id='word_1_112' title='bbox 289 1233 369 1294; x_wconf 90' lang='lat' dir='ltr'>enim</span> <span class='ocrx_word' id='word_1_113' title='bbox 386 1233 538 1312; x_wconf 86' lang='lat' dir='ltr'>quiddam,</span> <span class='ocrx_word' id='word_1_114' title='bbox 554 1232 644 1310; x_wconf 93' lang='lat' dir='ltr'>idque</span> <span class='ocrx_word' id='word_1_115' title='bbox 658 1230 840 1308; x_wconf 85' lang='lat' dir='ltr'>intellegitur</span> <span class='ocrx_word' id='word_1_116' title='bbox 855 1229 888 1290; x_wconf 92' lang='lat' dir='ltr'>in</span> <span class='ocrx_word' id='word_1_117' title='bbox 903 1229 987 1290; x_wconf 89' lang='lat' dir='ltr'>omni</span> <span class='ocrx_word' id='word_1_118' title='bbox 1003 1227 1123 1299; x_wconf 82' lang='lat' dir='ltr'>virtute,</span> <span class='ocrx_word' id='word_1_119' title='bbox 1145 1228 1229 1306; x_wconf 92' lang='lat' dir='ltr'>quod</span> <span class='ocrx_word' id='word_1_120' title='bbox 1243 1228 1293 1288; x_wconf 91' lang='lat' dir='ltr'>de-</span> 
     </span>
     <span class='ocr_line' id='line_1_13' title="bbox 221 1313 1293 1397; baseline -0.006 -19"><span class='ocrx_word' id='word_1_121' title='bbox 221 1327 300 1380; x_wconf 88' lang='lat' dir='ltr'>ceat:</span> <span class='ocrx_word' id='word_1_122' title='bbox 316 1318 395 1397; x_wconf 88' lang='lat' dir='ltr'>quod</span> <span class='ocrx_word' id='word_1_123' title='bbox 412 1317 587 1396; x_wconf 80' lang='lat' dir='ltr'>cogitatione</span> <span class='ocrx_word' id='word_1_124' title='bbox 603 1316 694 1394; x_wconf 91' lang='lat' dir='ltr'>magis</span> <span class='ocrx_word' id='word_1_125' title='bbox 710 1335 727 1376; x_wconf 95' lang='lat' dir='ltr'>a</span> <span class='ocrx_word' id='word_1_126' title='bbox 741 1317 851 1378; x_wconf 86' lang='lat' dir='ltr'>virtute</span> <span class='ocrx_word' id='word_1_127' title='bbox 867 1322 965 1394; x_wconf 88' lang='lat' dir='ltr'>potest</span> <span class='ocrx_word' id='word_1_128' title='bbox 987 1331 1076 1392; x_wconf 91' lang='lat' dir='ltr'>quam</span> <span class='ocrx_word' id='word_1_129' title='bbox 1096 1331 1130 1372; x_wconf 91' lang='lat' dir='ltr'>re</span> <span class='ocrx_word' id='word_1_130' title='bbox 1155 1313 1293 1392; x_wconf 87' lang='lat' dir='ltr'>separari.</span> 
     </span>
     <span class='ocr_line' id='line_1_14' title="bbox 223 1399 1293 1480; baseline -0.005 -17"><span class='ocrx_word' id='word_1_131' title='bbox 223 1405 261 1464; x_wconf 92' lang='lat' dir='ltr'>Ut</span> <span class='ocrx_word' id='word_1_132' title='bbox 276 1411 416 1463; x_wconf 89' lang='lat' dir='ltr'>venustas</span> <span class='ocrx_word' id='word_1_133' title='bbox 431 1411 461 1462; x_wconf 92' lang='lat' dir='ltr'>et</span> <span class='ocrx_word' id='word_1_134' title='bbox 476 1401 663 1480; x_wconf 80' lang='lat' dir='ltr'>pulchritudo</span> <span class='ocrx_word' id='word_1_135' title='bbox 679 1401 810 1480; x_wconf 88' lang='lat' dir='ltr'>corporis</span> <span class='ocrx_word' id='word_1_136' title='bbox 826 1400 941 1464; x_wconf 87' lang='lat' dir='ltr'>secerni</span> <span class='ocrx_word' id='word_1_137' title='bbox 956 1417 1017 1459; x_wconf 92' lang='lat' dir='ltr'>non</span> <span class='ocrx_word' id='word_1_138' title='bbox 1033 1406 1131 1477; x_wconf 90' lang='lat' dir='ltr'>potest</span> <span class='ocrx_word' id='word_1_139' title='bbox 1147 1417 1165 1458; x_wconf 95' lang='lat' dir='ltr'>a</span> <span class='ocrx_word' id='word_1_140' title='bbox 1182 1399 1293 1458; x_wconf 91' lang='lat' dir='ltr'>valetu-</span> 
     </span>
     <span class='ocr_line' id='line_1_15' title="bbox 223 1483 1293 1565; baseline -0.005 -18"><span class='ocrx_word' id='word_1_141' title='bbox 223 1489 300 1560; x_wconf 92' lang='lat' dir='ltr'>dine,</span> <span class='ocrx_word' id='word_1_142' title='bbox 320 1487 363 1548; x_wconf 88' lang='lat' dir='ltr'>sic</span> <span class='ocrx_word' id='word_1_143' title='bbox 382 1487 448 1556; x_wconf 91' lang='lat' dir='ltr'>hoc,</span> <span class='ocrx_word' id='word_1_144' title='bbox 473 1488 590 1565; x_wconf 93' lang='lat' dir='ltr'>dequo</span> <span class='ocrx_word' id='word_1_145' title='bbox 612 1487 778 1564; x_wconf 88' lang='lat' dir='ltr'>loquimur,</span> <span class='ocrx_word' id='word_1_146' title='bbox 799 1486 940 1546; x_wconf 88' lang='lat' dir='ltr'>decorum</span> <span class='ocrx_word' id='word_1_147' title='bbox 962 1492 1057 1545; x_wconf 93' lang='lat' dir='ltr'>totum</span> <span class='ocrx_word' id='word_1_148' title='bbox 1079 1483 1152 1542; x_wconf 91' lang='lat' dir='ltr'>illud</span> <span class='ocrx_word' id='word_1_149' title='bbox 1175 1483 1293 1561; x_wconf 83' lang='lat' dir='ltr'>quidem</span> 
     </span>
     <span class='ocr_line' id='line_1_16' title="bbox 223 1567 1334 1648; baseline -0.006 -16"><span class='ocrx_word' id='word_1_150' title='bbox 223 1581 268 1632; x_wconf 91' lang='lat' dir='ltr'>est</span> <span class='ocrx_word' id='word_1_151' title='bbox 283 1591 352 1632; x_wconf 92' lang='lat' dir='ltr'>cum</span> <span class='ocrx_word' id='word_1_152' title='bbox 368 1571 476 1632; x_wconf 85' lang='lat' dir='ltr'>virtute</span> <span class='ocrx_word' id='word_1_153' title='bbox 491 1572 659 1643; x_wconf 86' lang='lat' dir='ltr'>confusum,</span> <span class='ocrx_word' id='word_1_154' title='bbox 675 1572 726 1632; x_wconf 90' lang='lat' dir='ltr'>sed</span> <span class='ocrx_word' id='word_1_155' title='bbox 742 1579 845 1632; x_wconf 87' lang='lat' dir='ltr'>mente</span> <span class='ocrx_word' id='word_1_156' title='bbox 857 1579 886 1631; x_wconf 92' lang='lat' dir='ltr'>et</span> <span class='ocrx_word' id='word_1_157' title='bbox 898 1569 1079 1648; x_wconf 81' lang='lat' dir='ltr'>cogitatione</span> <span class='ocrx_word' id='word_1_158' title='bbox 1091 1567 1294 1648; x_wconf 81' lang='lat' dir='ltr'>distinguitur.</span> <span class='ocrx_word' id='word_1_159' title='bbox 1311 1577 1334 1627; x_wconf 73' lang='lat' dir='ltr'>li</span> 
     </span>
     <span class='ocr_line' id='line_1_17' title="bbox 167 1651 1294 1736; baseline -0.004 -19"><span class='ocrx_word' id='word_1_160' title='bbox 167 1657 393 1717; x_wconf 76' lang='lat' dir='ltr'>constantem</span> <span class='ocrx_word' id='word_1_161' title='bbox 416 1656 479 1718; x_wconf 90' lang='lat' dir='ltr'>eius</span> <span class='ocrx_word' id='word_1_162' title='bbox 500 1656 650 1736; x_wconf 84' lang='lat' dir='ltr'>discriptio</span> <span class='ocrx_word' id='word_1_163' title='bbox 673 1657 788 1736; x_wconf 87' lang='lat' dir='ltr'>duplex.</span> <span class='ocrx_word' id='word_1_164' title='bbox 826 1655 902 1716; x_wconf 88' lang='lat' dir='ltr'>Nam</span> <span class='ocrx_word' id='word_1_165' title='bbox 930 1663 959 1716; x_wconf 90' lang='lat' dir='ltr'>et</span> <span class='ocrx_word' id='word_1_166' title='bbox 986 1651 1121 1732; x_wconf 90' lang='lat' dir='ltr'>generale</span> <span class='ocrx_word' id='word_1_167' title='bbox 1143 1654 1294 1732; x_wconf 88' lang='lat' dir='ltr'>quoddam</span> 
     </span>
     <span class='ocr_line' id='line_1_18' title="bbox 222 1738 1295 1822; baseline -0.004 -20"><span class='ocrx_word' id='word_1_168' title='bbox 222 1743 365 1803; x_wconf 85' lang='lat' dir='ltr'>decorum</span> <span class='ocrx_word' id='word_1_169' title='bbox 381 1741 589 1822; x_wconf 85' lang='lat' dir='ltr'>intellegimus,</span> <span class='ocrx_word' id='word_1_170' title='bbox 607 1742 686 1821; x_wconf 91' lang='lat' dir='ltr'>quod</span> <span class='ocrx_word' id='word_1_171' title='bbox 702 1742 734 1801; x_wconf 92' lang='lat' dir='ltr'>iu</span> <span class='ocrx_word' id='word_1_172' title='bbox 750 1741 832 1802; x_wconf 89' lang='lat' dir='ltr'>omni</span> <span class='ocrx_word' id='word_1_173' title='bbox 849 1742 1005 1802; x_wconf 88' lang='lat' dir='ltr'>honestate</span> <span class='ocrx_word' id='word_1_174' title='bbox 1017 1745 1163 1810; x_wconf 85' lang='lat' dir='ltr'>versatur,</span> <span class='ocrx_word' id='word_1_175' title='bbox 1175 1747 1207 1798; x_wconf 89' lang='lat' dir='ltr'>et</span> <span class='ocrx_word' id='word_1_176' title='bbox 1219 1738 1295 1800; x_wconf 90' lang='lat' dir='ltr'>aliud</span> 
     </span>
     <span class='ocr_line' id='line_1_19' title="bbox 221 1823 1296 1906; baseline -0.005 -19"><span class='ocrx_word' id='word_1_177' title='bbox 221 1828 292 1888; x_wconf 93' lang='lat' dir='ltr'>huic</span> <span class='ocrx_word' id='word_1_178' title='bbox 308 1827 484 1896; x_wconf 87' lang='lat' dir='ltr'>subiectum,</span> <span class='ocrx_word' id='word_1_179' title='bbox 501 1828 579 1906; x_wconf 92' lang='lat' dir='ltr'>quod</span> <span class='ocrx_word' id='word_1_180' title='bbox 596 1827 726 1906; x_wconf 87' lang='lat' dir='ltr'>pertinet</span> <span class='ocrx_word' id='word_1_181' title='bbox 738 1827 774 1886; x_wconf 93' lang='lat' dir='ltr'>ad</span> <span class='ocrx_word' id='word_1_182' title='bbox 787 1825 918 1902; x_wconf 88' lang='lat' dir='ltr'>singulas</span> <span class='ocrx_word' id='word_1_183' title='bbox 931 1831 1030 1904; x_wconf 89' lang='lat' dir='ltr'>partes</span> <span class='ocrx_word' id='word_1_184' title='bbox 1041 1823 1220 1884; x_wconf 88' lang='lat' dir='ltr'>honestatis.</span> <span class='ocrx_word' id='word_1_185' title='bbox 1244 1823 1296 1882; x_wconf 84' lang='lat' dir='ltr'>dt-</span> 
     </span>
     <span class='ocr_line' id='line_1_20' title="bbox 223 1907 1295 1992; baseline -0.006 -18"><span class='ocrx_word' id='word_1_186' title='bbox 223 1932 282 1992; x_wconf 90' lang='lat' dir='ltr'>que</span> <span class='ocrx_word' id='word_1_187' title='bbox 298 1912 371 1973; x_wconf 92' lang='lat' dir='ltr'>illud</span> <span class='ocrx_word' id='word_1_188' title='bbox 388 1913 524 1991; x_wconf 86' lang='lat' dir='ltr'>superius</span> <span class='ocrx_word' id='word_1_189' title='bbox 540 1913 584 1973; x_wconf 83' lang='lat' dir='ltr'>sic</span> <span class='ocrx_word' id='word_1_190' title='bbox 598 1916 660 1972; x_wconf 87' lang='lat' dir='ltr'>lere</span> <span class='ocrx_word' id='word_1_191' title='bbox 676 1911 795 1972; x_wconf 88' lang='lat' dir='ltr'>definiri</span> <span class='ocrx_word' id='word_1_192' title='bbox 810 1913 886 1972; x_wconf 87' lang='lat' dir='ltr'>solet</span> <span class='ocrx_word' id='word_1_193' title='bbox 902 1912 1054 1972; x_wconf 88' lang='lat' dir='ltr'>‘decorum</span> <span class='ocrx_word' id='word_1_194' title='bbox 1071 1907 1101 1967; x_wconf 95' lang='lat' dir='ltr'>id</span> <span class='ocrx_word' id='word_1_195' title='bbox 1116 1926 1194 1981; x_wconf 89' lang='lat' dir='ltr'>esse,</span> <span class='ocrx_word' id='word_1_196' title='bbox 1217 1909 1295 1987; x_wconf 90' lang='lat' dir='ltr'>quod</span> 
     </span>
    </p>
   </div>
   <div class='ocr_carea' id='block_1_4' title="bbox 222 2119 736 3952">
    <p class='ocr_par' dir='ltr' id='par_1_4' title="bbox 222 2119 735 2784">
     <span class='ocr_line' id='line_1_21' title="bbox 257 2119 732 2188; baseline -0.004 -17"><span class='ocrx_word' id='word_1_197' title='bbox 257 2123 281 2171; x_wconf 88' lang='lat'>4.</span> <span class='ocrx_word' id='word_1_198' title='bbox 313 2120 383 2188; x_wconf 84' lang='lat' dir='ltr'>salli</span> <span class='ocrx_word' id='word_1_199' title='bbox 411 2119 460 2169; x_wconf 89' lang='lat' dir='ltr'>und</span> <span class='ocrx_word' id='word_1_200' title='bbox 494 2133 582 2170; x_wconf 67' lang='lat' dir='ltr'>arare</span> <span class='ocrx_word' id='word_1_201' title='bbox 605 2121 732 2170; x_wconf 86' lang='lat' dir='ltr'>hezicheu</span> 
     </span>
     <span class='ocr_line' id='line_1_22' title="bbox 223 2187 732 2250; baseline -0.002 -11"><span class='ocrx_word' id='word_1_202' title='bbox 223 2190 278 2240; x_wconf 88' lang='lat' dir='ltr'>sich</span> <span class='ocrx_word' id='word_1_203' title='bbox 292 2189 337 2238; x_wconf 87' lang='lat' dir='ltr'>auf</span> <span class='ocrx_word' id='word_1_204' title='bbox 352 2189 409 2239; x_wconf 88' lang='lat' dir='ltr'>eine</span> <span class='ocrx_word' id='word_1_205' title='bbox 425 2187 603 2238; x_wconf 85' lang='lat' dir='ltr'>irrthiimliche</span> <span class='ocrx_word' id='word_1_206' title='bbox 615 2189 732 2250; x_wconf 80' lang='lat' dir='ltr'>Ansicht,</span> 
     </span>
     <span class='ocr_line' id='line_1_23' title="bbox 224 2254 731 2320; baseline -0.002 -13"><span class='ocrx_word' id='word_1_207' title='bbox 224 2257 277 2307; x_wconf 74' lang='lat' dir='ltr'>lata·</span> <span class='ocrx_word' id='word_1_208' title='bbox 298 2257 348 2305; x_wconf 90' lang='lat' dir='ltr'>und</span> <span class='ocrx_word' id='word_1_209' title='bbox 374 2255 456 2320; x_wconf 85' lang='lat' dir='ltr'>decipi</span> <span class='ocrx_word' id='word_1_210' title='bbox 478 2254 523 2304; x_wconf 83' lang='lat' dir='ltr'>nul</span> <span class='ocrx_word' id='word_1_211' title='bbox 537 2255 594 2304; x_wconf 88' lang='lat' dir='ltr'>eine</span> <span class='ocrx_word' id='word_1_212' title='bbox 611 2259 731 2307; x_wconf 85' lang='lat' dir='ltr'>unrechte</span> 
     </span>
     <span class='ocr_line' id='line_1_24' title="bbox 223 2323 731 2396; baseline 0 -22"><span class='ocrx_word' id='word_1_213' title='bbox 223 2325 366 2388; x_wconf 88' lang='lat' dir='ltr'>Handlung.</span> <span class='ocrx_word' id='word_1_214' title='bbox 392 2323 444 2396; x_wconf 78' lang='lat' dir='ltr'>lati</span> <span class='ocrx_word' id='word_1_215' title='bbox 466 2323 516 2372; x_wconf 91' lang='lat' dir='ltr'>und</span> <span class='ocrx_word' id='word_1_216' title='bbox 538 2339 626 2374; x_wconf 81' lang='lat' dir='ltr'>errare</span> <span class='ocrx_word' id='word_1_217' title='bbox 643 2332 731 2375; x_wconf 88' lang='lat' dir='ltr'>setzeu</span> 
     </span>
     <span class='ocr_line' id='line_1_25' title="bbox 224 2391 733 2457; baseline 0.002 -15"><span class='ocrx_word' id='word_1_218' title='bbox 224 2394 299 2443; x_wconf 83' lang='lat' dir='ltr'>dabei</span> <span class='ocrx_word' id='word_1_219' title='bbox 328 2394 399 2442; x_wconf 86' lang='lat' dir='ltr'>mehr</span> <span class='ocrx_word' id='word_1_220' title='bbox 429 2392 486 2441; x_wconf 91' lang='lat' dir='ltr'>eine</span> <span class='ocrx_word' id='word_1_221' title='bbox 509 2391 733 2457; x_wconf 81' lang='lat' dir='ltr'>Selbstth&#39;atigheit</span> 
     </span>
     <span class='ocr_line' id='line_1_26' title="bbox 222 2458 735 2527; baseline -0.002 -16"><span class='ocrx_word' id='word_1_222' title='bbox 222 2477 326 2524; x_wconf 78' lang='lat' dir='ltr'>verane,</span> <span class='ocrx_word' id='word_1_223' title='bbox 353 2461 473 2510; x_wconf 66' lang='lat' dir='ltr'>w&#39;iihreud</span> <span class='ocrx_word' id='word_1_224' title='bbox 490 2458 558 2526; x_wconf 82' lang='lat' dir='ltr'>falli</span> <span class='ocrx_word' id='word_1_225' title='bbox 579 2461 629 2511; x_wconf 90' lang='lat' dir='ltr'>und</span> <span class='ocrx_word' id='word_1_226' title='bbox 652 2461 735 2527; x_wconf 74' lang='lat' dir='ltr'>decipi</span> 
     </span>
     <span class='ocr_line' id='line_1_27' title="bbox 224 2529 732 2590; baseline -0.004 -10"><span class='ocrx_word' id='word_1_227' title='bbox 224 2531 280 2580; x_wconf 89' lang='lat' dir='ltr'>sich</span> <span class='ocrx_word' id='word_1_228' title='bbox 289 2530 420 2590; x_wconf 81' lang='lat' dir='ltr'>tiiuscheu‚</span> <span class='ocrx_word' id='word_1_229' title='bbox 435 2529 578 2579; x_wconf 84' lang='lat' dir='ltr'>iiberlisten</span> <span class='ocrx_word' id='word_1_230' title='bbox 593 2530 678 2580; x_wconf 81' lang='lat' dir='ltr'>lasseu</span> <span class='ocrx_word' id='word_1_231' title='bbox 689 2529 732 2578; x_wconf 88' lang='lat' dir='ltr'>be-</span> 
     </span>
     <span class='ocr_line' id='line_1_28' title="bbox 223 2596 732 2648; baseline -0.004 -1"><span class='ocrx_word' id='word_1_232' title='bbox 223 2597 353 2648; x_wconf 86' lang='lat' dir='ltr'>zeichnen.</span> <span class='ocrx_word' id='word_1_233' title='bbox 378 2596 457 2648; x_wconf 83' lang='lat' dir='ltr'>Unter</span> <span class='ocrx_word' id='word_1_234' title='bbox 478 2596 534 2646; x_wconf 89' lang='lat' dir='ltr'>sich</span> <span class='ocrx_word' id='word_1_235' title='bbox 555 2598 610 2646; x_wconf 87' lang='lat' dir='ltr'>sind</span> <span class='ocrx_word' id='word_1_236' title='bbox 623 2599 678 2646; x_wconf 88' lang='lat' dir='ltr'>also</span> <span class='ocrx_word' id='word_1_237' title='bbox 692 2597 732 2647; x_wconf 89' lang='lat' dir='ltr'>die</span> 
     </span>
     <span class='ocr_line' id='line_1_29' title="bbox 225 2664 733 2728; baseline -0.006 -12"><span class='ocrx_word' id='word_1_238' title='bbox 225 2665 331 2716; x_wconf 84' lang='lat' dir='ltr'>Glieder</span> <span class='ocrx_word' id='word_1_239' title='bbox 361 2666 407 2714; x_wconf 90' lang='lat' dir='ltr'>der</span> <span class='ocrx_word' id='word_1_240' title='bbox 430 2664 510 2713; x_wconf 87' lang='lat' dir='ltr'>Paare</span> <span class='ocrx_word' id='word_1_241' title='bbox 534 2665 672 2715; x_wconf 89' lang='lat' dir='ltr'>chiastisch</span> <span class='ocrx_word' id='word_1_242' title='bbox 689 2679 733 2728; x_wconf 84' lang='lat' dir='ltr'>ge-</span> 
     </span>
     <span class='ocr_line' id='line_1_30' title="bbox 224 2733 306 2784; baseline -0.037 -1"><span class='ocrx_word' id='word_1_243' title='bbox 224 2733 306 2784; x_wconf 84' lang='lat' dir='ltr'>stellt.</span> 
     </span>
    </p>

    <p class='ocr_par' dir='ltr' id='par_1_5' title="bbox 259 2797 687 2864">
     <span class='ocr_line' id='line_1_31' title="bbox 259 2797 687 2864; baseline -0.005 -14"><span class='ocrx_word' id='word_1_244' title='bbox 259 2799 284 2850; x_wconf 65' lang='lat'>84</span> <span class='ocrx_word' id='word_1_245' title='bbox 302 2797 373 2864; x_wconf 85' lang='lat' dir='ltr'>quod</span> <span class='ocrx_word' id='word_1_246' title='bbox 382 2802 481 2848; x_wconf 73' lang='lat' dir='ltr'>coldra:</span> <span class='ocrx_word' id='word_1_247' title='bbox 494 2797 504 2848; x_wconf 94' lang='lat' dir='ltr'>l</span> <span class='ocrx_word' id='word_1_248' title='bbox 517 2797 533 2863; x_wconf 68' lang='grc' dir='ltr'><strong>ξ</strong></span> <span class='ocrx_word' id='word_1_249' title='bbox 546 2799 587 2848; x_wconf 89' lang='grc'>49.</span> <span class='ocrx_word' id='word_1_250' title='bbox 600 2797 621 2848; x_wconf 94' lang='lat' dir='ltr'>ll</span> <span class='ocrx_word' id='word_1_251' title='bbox 635 2799 650 2864; x_wconf 64' lang='grc' dir='ltr'><strong>ξ</strong></span> <span class='ocrx_word' id='word_1_252' title='bbox 665 2802 687 2850; x_wconf 80' lang='lat' dir='ltr'>t.</span> 
     </span>
    </p>

    <p class='ocr_par' dir='ltr' id='par_1_6' title="bbox 224 2865 735 3137">
     <span class='ocr_line' id='line_1_32' title="bbox 256 2865 733 2934; baseline -0.004 -16"><span class='ocrx_word' id='word_1_253' title='bbox 256 2870 366 2934; x_wconf 77' lang='lat' dir='ltr'>pertinet</span> <span class='ocrx_word' id='word_1_254' title='bbox 378 2866 488 2930; x_wconf 81' lang='lat' dir='ltr'>quidem.</span> <span class='ocrx_word' id='word_1_255' title='bbox 512 2865 564 2917; x_wconf 85' lang='lat' dir='ltr'>Der</span> <span class='ocrx_word' id='word_1_256' title='bbox 582 2865 733 2930; x_wconf 73' lang='lat' dir='ltr'>(legemem,</span> 
     </span>
     <span class='ocr_line' id='line_1_33' title="bbox 225 2934 733 3000; baseline 0 -15"><span class='ocrx_word' id='word_1_257' title='bbox 225 2937 273 2985; x_wconf 90' lang='lat' dir='ltr'>den</span> <span class='ocrx_word' id='word_1_258' title='bbox 297 2934 399 2998; x_wconf 84' lang='lat' dir='ltr'>quidem</span> <span class='ocrx_word' id='word_1_259' title='bbox 424 2934 571 2998; x_wconf 86' lang='lat' dir='ltr'>aukiindigt,</span> <span class='ocrx_word' id='word_1_260' title='bbox 603 2935 668 3000; x_wconf 81' lang='lat' dir='ltr'>liegt</span> <span class='ocrx_word' id='word_1_261' title='bbox 685 2937 733 2986; x_wconf 88' lang='lat' dir='ltr'>mit</span> 
     </span>
     <span class='ocr_line' id='line_1_34' title="bbox 224 3002 735 3068; baseline 0.002 -15"><span class='ocrx_word' id='word_1_262' title='bbox 224 3004 298 3054; x_wconf 86' lang='lat' dir='ltr'>einer</span> <span class='ocrx_word' id='word_1_263' title='bbox 309 3002 481 3053; x_wconf 77' lang='lat' dir='ltr'>Analoluthie</span> <span class='ocrx_word' id='word_1_264' title='bbox 493 3003 539 3053; x_wconf 84' lang='lat' dir='ltr'>der·</span> <span class='ocrx_word' id='word_1_265' title='bbox 548 3002 616 3054; x_wconf 85' lang='lat' dir='ltr'>Rede</span> <span class='ocrx_word' id='word_1_266' title='bbox 629 3004 656 3052; x_wconf 87' lang='lat' dir='ltr'>in</span> <span class='ocrx_word' id='word_1_267' title='bbox 668 3003 735 3068; x_wconf 85' lang='lat' dir='ltr'>qaod</span> 
     </span>
     <span class='ocr_line' id='line_1_35' title="bbox 224 3073 540 3137; baseline -0.006 -15"><span class='ocrx_word' id='word_1_268' title='bbox 224 3073 379 3137; x_wconf 66' lang='lat' dir='ltr'>cogitatione</span> <span class='ocrx_word' id='word_1_269' title='bbox 391 3074 479 3135; x_wconf 78' lang='lat' dir='ltr'>rnagtc</span> <span class='ocrx_word' id='word_1_270' title='bbox 491 3079 540 3120; x_wconf 85' lang='lat' dir='ltr'>cet.</span> 
     </span>
    </p>

    <p class='ocr_par' dir='ltr' id='par_1_7' title="bbox 223 3138 736 3884">
     <span class='ocr_line' id='line_1_36' title="bbox 261 3138 735 3204; baseline -0.002 -15"><span class='ocrx_word' id='word_1_271' title='bbox 261 3141 300 3189; x_wconf 88' lang='lat' dir='ltr'>ll.</span> <span class='ocrx_word' id='word_1_272' title='bbox 330 3138 450 3204; x_wconf 79' lang='lat' dir='ltr'>quiddam</span> <span class='ocrx_word' id='word_1_273' title='bbox 474 3139 508 3188; x_wconf 89' lang='lat' dir='ltr'>ist</span> <span class='ocrx_word' id='word_1_274' title='bbox 526 3140 735 3192; x_wconf 82' lang='lat' dir='ltr'>mitNachdruck</span> 
     </span>
     <span class='ocr_line' id='line_1_37' title="bbox 223 3207 734 3270; baseline 0.002 -14"><span class='ocrx_word' id='word_1_275' title='bbox 223 3215 325 3270; x_wconf 77' lang='lat' dir='ltr'>gesagt:</span> <span class='ocrx_word' id='word_1_276' title='bbox 337 3213 418 3257; x_wconf 82' lang='lat' dir='ltr'>etwas</span> <span class='ocrx_word' id='word_1_277' title='bbox 429 3207 601 3270; x_wconf 80' lang='lat' dir='ltr'>Bestimmtes3</span> <span class='ocrx_word' id='word_1_278' title='bbox 616 3209 693 3258; x_wconf 84' lang='lat' dir='ltr'>defin.</span> <span class='ocrx_word' id='word_1_279' title='bbox 703 3207 734 3257; x_wconf 93' lang='lat' dir='ltr'>lll</span> 
     </span>
     <span class='ocr_line' id='line_1_38' title="bbox 225 3275 735 3340; baseline 0.004 -16"><span class='ocrx_word' id='word_1_280' title='bbox 225 3277 249 3340; x_wconf 80' lang='lat' dir='ltr'>t,</span> <span class='ocrx_word' id='word_1_281' title='bbox 267 3275 299 3326; x_wconf 82' lang='lat'>23</span> <span class='ocrx_word' id='word_1_282' title='bbox 323 3280 351 3325; x_wconf 85' lang='lat' dir='ltr'>nt</span> <span class='ocrx_word' id='word_1_283' title='bbox 378 3277 493 3326; x_wconf 73' lang='lat' dir='ltr'>aneandca</span> <span class='ocrx_word' id='word_1_284' title='bbox 515 3279 589 3326; x_wconf 69' lang='lat' dir='ltr'>notra</span> <span class='ocrx_word' id='word_1_285' title='bbox 612 3280 651 3326; x_wconf 83' lang='lat' dir='ltr'>ita</span> <span class='ocrx_word' id='word_1_286' title='bbox 674 3275 735 3326; x_wconf 83' lang='lat' dir='ltr'>data</span> 
     </span>
     <span class='ocr_line' id='line_1_39' title="bbox 224 3342 734 3408; baseline 0 -16"><span class='ocrx_word' id='word_1_287' title='bbox 224 3349 292 3406; x_wconf 79' lang='lat' dir='ltr'>aunt,</span> <span class='ocrx_word' id='word_1_288' title='bbox 313 3348 342 3394; x_wconf 85' lang='lat' dir='ltr'>nt</span> <span class='ocrx_word' id='word_1_289' title='bbox 358 3342 394 3393; x_wconf 87' lang='lat' dir='ltr'>ad</span> <span class='ocrx_word' id='word_1_290' title='bbox 409 3343 538 3408; x_wconf 84' lang='lat' dir='ltr'>quandam</span> <span class='ocrx_word' id='word_1_291' title='bbox 556 3347 684 3395; x_wconf 81' lang='lat' dir='ltr'>rationem</span> <span class='ocrx_word' id='word_1_292' title='bbox 695 3347 734 3394; x_wconf 85' lang='lat' dir='ltr'>ct-</span> 
     </span>
     <span class='ocr_line' id='line_1_40' title="bbox 224 3411 731 3480; baseline 0 -20"><span class='ocrx_word' id='word_1_293' title='bbox 224 3411 299 3461; x_wconf 81' lang='lat' dir='ltr'>aendi</span> <span class='ocrx_word' id='word_1_294' title='bbox 311 3412 371 3462; x_wconf 90' lang='lat' dir='ltr'>data</span> <span class='ocrx_word' id='word_1_295' title='bbox 383 3428 438 3462; x_wconf 80' lang='lat' dir='ltr'>esce</span> <span class='ocrx_word' id='word_1_296' title='bbox 450 3413 598 3480; x_wconf 58' lang='lat' dir='ltr'>amarandi.</span> <span class='ocrx_word' id='word_1_297' title='bbox 617 3412 647 3460; x_wconf 91' lang='lat' dir='ltr'>de</span> <span class='ocrx_word' id='word_1_298' title='bbox 666 3419 731 3462; x_wconf 90' lang='lat' dir='ltr'>orat.</span> 
     </span>
     <span class='ocr_line' id='line_1_41' title="bbox 223 3477 735 3544; baseline 0 -16"><span class='ocrx_word' id='word_1_299' title='bbox 223 3477 255 3528; x_wconf 92' lang='lat' dir='ltr'>lll</span> <span class='ocrx_word' id='word_1_300' title='bbox 271 3483 309 3542; x_wconf 84' lang='lat'>10,</span> <span class='ocrx_word' id='word_1_301' title='bbox 322 3481 353 3529; x_wconf 78' lang='lat'>37</span> <span class='ocrx_word' id='word_1_302' title='bbox 366 3496 428 3544; x_wconf 76' lang='lat' dir='ltr'>ergo</span> <span class='ocrx_word' id='word_1_303' title='bbox 439 3482 499 3530; x_wconf 83' lang='lat' dir='ltr'>daec</span> <span class='ocrx_word' id='word_1_304' title='bbox 508 3484 540 3529; x_wconf 84' lang='lat' dir='ltr'>-et</span> <span class='ocrx_word' id='word_1_305' title='bbox 556 3479 656 3544; x_wconf 58' lang='lat' dir='ltr'>warda</span> <span class='ocrx_word' id='word_1_306' title='bbox 673 3484 735 3529; x_wconf 78' lang='lat' dir='ltr'>rarat</span> 
     </span>
     <span class='ocr_line' id='line_1_42' title="bbox 224 3547 734 3612; baseline 0.006 -17"><span class='ocrx_word' id='word_1_307' title='bbox 224 3549 255 3596; x_wconf 86' lang='lat' dir='ltr'>ad</span> <span class='ocrx_word' id='word_1_308' title='bbox 269 3553 374 3598; x_wconf 78' lang='lat' dir='ltr'>oratore</span> <span class='ocrx_word' id='word_1_309' title='bbox 384 3553 410 3597; x_wconf 88' lang='lat' dir='ltr'>et</span> <span class='ocrx_word' id='word_1_310' title='bbox 422 3548 525 3598; x_wconf 87' lang='lat' dir='ltr'>dicanda</span> <span class='ocrx_word' id='word_1_311' title='bbox 533 3547 640 3612; x_wconf 87' lang='lat' dir='ltr'>quodam</span> <span class='ocrx_word' id='word_1_312' title='bbox 652 3547 734 3598; x_wconf 86' lang='lat' dir='ltr'>moda.</span> 
     </span>
     <span class='ocr_line' id='line_1_43' title="bbox 225 3614 736 3680; baseline -0.002 -15"><span class='ocrx_word' id='word_1_313' title='bbox 225 3614 367 3677; x_wconf 80' lang='lat' dir='ltr'>Uehrigens</span> <span class='ocrx_word' id='word_1_314' title='bbox 391 3617 426 3666; x_wconf 93' lang='lat' dir='ltr'>ist</span> <span class='ocrx_word' id='word_1_315' title='bbox 444 3617 490 3666; x_wconf 88' lang='lat' dir='ltr'>der</span> <span class='ocrx_word' id='word_1_316' title='bbox 506 3631 586 3680; x_wconf 77' lang='lat' dir='ltr'>ganne</span> <span class='ocrx_word' id='word_1_317' title='bbox 604 3617 664 3665; x_wconf 84' lang='lat' dir='ltr'>Sata</span> <span class='ocrx_word' id='word_1_318' title='bbox 688 3616 736 3665; x_wconf 80' lang='lat' dir='ltr'>Eat</span> 
     </span>
     <span class='ocr_line' id='line_1_44' title="bbox 225 3683 736 3752; baseline 0.008 -22"><span class='ocrx_word' id='word_1_319' title='bbox 225 3685 293 3730; x_wconf 85' lang='lat' dir='ltr'>euim</span> <span class='ocrx_word' id='word_1_320' title='bbox 305 3710 322 3718; x_wconf 90' lang='lat'>-</span> <span class='ocrx_word' id='word_1_321' title='bbox 333 3687 456 3748; x_wconf 79' lang='lat' dir='ltr'>separari</span> <span class='ocrx_word' id='word_1_322' title='bbox 475 3684 599 3752; x_wconf 35' lang='lat' dir='ltr'>nur-&#39;eina</span> <span class='ocrx_word' id='word_1_323' title='bbox 612 3683 736 3739; x_wconf 60' lang='lat' dir='ltr'>Wieder÷</span> 
     </span>
     <span class='ocr_line' id='line_1_45' title="bbox 225 3749 736 3814; baseline 0.01 -16"><span class='ocrx_word' id='word_1_324' title='bbox 225 3749 321 3813; x_wconf 83' lang='lat' dir='ltr'>hcluug</span> <span class='ocrx_word' id='word_1_325' title='bbox 333 3751 433 3813; x_wconf 87' lang='lat' dir='ltr'>dessen,</span> <span class='ocrx_word' id='word_1_326' title='bbox 452 3768 506 3808; x_wconf 81' lang='lat' dir='ltr'>was</span> <span class='ocrx_word' id='word_1_327' title='bbox 519 3755 598 3810; x_wconf 80' lang='lat' dir='ltr'>sehon</span> <span class='ocrx_word' id='word_1_328' title='bbox 616 3752 680 3802; x_wconf 87' lang='lat' dir='ltr'>oben</span> <span class='ocrx_word' id='word_1_329' title='bbox 692 3767 736 3814; x_wconf 82' lang='lat' dir='ltr'>ge·</span> 
     </span>
     <span class='ocr_line' id='line_1_46' title="bbox 226 3817 684 3884; baseline 0.009 -18"><span class='ocrx_word' id='word_1_330' title='bbox 226 3824 284 3880; x_wconf 77' lang='lat' dir='ltr'>sagi</span> <span class='ocrx_word' id='word_1_331' title='bbox 296 3817 332 3868; x_wconf 87' lang='lat' dir='ltr'>ist</span> <span class='ocrx_word' id='word_1_332' title='bbox 344 3819 369 3867; x_wconf 90' lang='lat' dir='ltr'>in</span> <span class='ocrx_word' id='word_1_333' title='bbox 382 3818 464 3882; x_wconf 67' lang='lat' dir='ltr'>qualia</span> <span class='ocrx_word' id='word_1_334' title='bbox 476 3819 623 3884; x_wconf 72' lang='lat' dir='ltr'>differentia</span> <span class='ocrx_word' id='word_1_335' title='bbox 635 3828 684 3877; x_wconf 84' lang='lat' dir='ltr'>cet.</span> 
     </span>
    </p>

    <p class='ocr_par' dir='ltr' id='par_1_8' title="bbox 263 3886 736 3952">
     <span class='ocr_line' id='line_1_47' title="bbox 263 3886 736 3952; baseline 0.006 -17"><span class='ocrx_word' id='word_1_336' title='bbox 263 3886 302 3935; x_wconf 76' lang='lat'>15.</span> <span class='ocrx_word' id='word_1_337' title='bbox 321 3890 403 3935; x_wconf 79' lang='lat' dir='ltr'>ruente</span> <span class='ocrx_word' id='word_1_338' title='bbox 425 3891 451 3936; x_wconf 89' lang='lat' dir='ltr'>et</span> <span class='ocrx_word' id='word_1_339' title='bbox 463 3891 626 3952; x_wconf 74' lang='lat' dir='ltr'>cogitatione,</span> <span class='ocrx_word' id='word_1_340' title='bbox 651 3889 677 3937; x_wconf 92' lang='lat' dir='ltr'>iu</span> <span class='ocrx_word' id='word_1_341' title='bbox 690 3888 736 3938; x_wconf 84' lang='lat' dir='ltr'>der</span> 
     </span>
    </p>
   </div>
   <div class='ocr_carea' id='block_1_5' title="bbox 785 2116 1301 3954">
    <p class='ocr_par' dir='ltr' id='par_1_9' title="bbox 786 2116 1296 2252">
     <span class='ocr_line' id='line_1_48' title="bbox 786 2116 1296 2184; baseline -0.014 -14"><span class='ocrx_word' id='word_1_342' title='bbox 786 2120 904 2184; x_wconf 84' lang='lat' dir='ltr'>Theorie,</span> <span class='ocrx_word' id='word_1_343' title='bbox 913 2135 933 2170; x_wconf 85' lang='lat' dir='ltr'>s.</span> <span class='ocrx_word' id='word_1_344' title='bbox 945 2116 1019 2182; x_wconf 76' lang='lat' dir='ltr'>z.11§</span> <span class='ocrx_word' id='word_1_345' title='bbox 1031 2119 1129 2170; x_wconf 84' lang='lat' dir='ltr'>tddaec</span> <span class='ocrx_word' id='word_1_346' title='bbox 1138 2118 1193 2168; x_wconf 80' lang='lat' dir='ltr'>tria</span> <span class='ocrx_word' id='word_1_347' title='bbox 1200 2129 1296 2181; x_wconf 77' lang='lat' dir='ltr'>genera</span> 
     </span>
     <span class='ocr_line' id='line_1_49' title="bbox 786 2185 1252 2252; baseline -0.017 -12"><span class='ocrx_word' id='word_1_348' title='bbox 786 2189 895 2252; x_wconf 75' lang='lat' dir='ltr'>masura</span> <span class='ocrx_word' id='word_1_349' title='bbox 907 2188 1063 2252; x_wconf 57' lang='lat' dir='ltr'>coffitntionn</span> <span class='ocrx_word' id='word_1_350' title='bbox 1075 2185 1252 2250; x_wconf 74' lang='lat' dir='ltr'>distinguunt.</span> 
     </span>
    </p>

    <p class='ocr_par' dir='ltr' id='par_1_10' title="bbox 824 2253 1178 2321">
     <span class='ocr_line' id='line_1_50' title="bbox 824 2253 1178 2321; baseline -0.006 -17"><span class='ocrx_word' id='word_1_351' title='bbox 824 2257 862 2305; x_wconf 84' lang='lat' dir='ltr'>ld.</span> <span class='ocrx_word' id='word_1_352' title='bbox 880 2255 1023 2321; x_wconf 73' lang='lat' dir='ltr'>discriptio:</span> <span class='ocrx_word' id='word_1_353' title='bbox 1037 2269 1094 2302; x_wconf 73' lang='lat' dir='ltr'>sa,</span> <span class='ocrx_word' id='word_1_354' title='bbox 1106 2253 1123 2316; x_wconf 62' lang='grc' dir='ltr'><strong>ξ</strong></span> <span class='ocrx_word' id='word_1_355' title='bbox 1136 2253 1178 2303; x_wconf 86' lang='grc'>21.</span> 
     </span>
    </p>

    <p class='ocr_par' dir='ltr' id='par_1_11' title="bbox 785 2319 1301 3819">
     <span class='ocr_line' id='line_1_51' title="bbox 823 2319 1297 2384; baseline -0.015 -10"><span class='ocrx_word' id='word_1_356' title='bbox 823 2325 862 2374; x_wconf 81' lang='grc'>11.</span> <span class='ocrx_word' id='word_1_357' title='bbox 881 2325 910 2372; x_wconf 89' lang='lat' dir='ltr'>in</span> <span class='ocrx_word' id='word_1_358' title='bbox 928 2325 998 2374; x_wconf 77' lang='lat' dir='ltr'>oanni</span> <span class='ocrx_word' id='word_1_359' title='bbox 1014 2323 1151 2382; x_wconf 78' lang='lat' dir='ltr'>denariale,</span> <span class='ocrx_word' id='word_1_360' title='bbox 1175 2320 1202 2369; x_wconf 89' lang='lat' dir='ltr'>in</span> <span class='ocrx_word' id='word_1_361' title='bbox 1222 2319 1297 2384; x_wconf 76' lang='lat' dir='ltr'>Jeder</span> 
     </span>
     <span class='ocr_line' id='line_1_52' title="bbox 785 2387 1297 2453; baseline -0.012 -11"><span class='ocrx_word' id='word_1_362' title='bbox 785 2390 893 2442; x_wconf 77' lang='lat' dir='ltr'>Anides</span> <span class='ocrx_word' id='word_1_363' title='bbox 906 2391 1042 2442; x_wconf 86' lang='lat' dir='ltr'>Sittlichen</span> <span class='ocrx_word' id='word_1_364' title='bbox 1060 2391 1091 2452; x_wconf 85' lang='lat' dir='ltr'>(s.</span> <span class='ocrx_word' id='word_1_365' title='bbox 1105 2387 1156 2453; x_wconf 58' lang='grc' dir='ltr'>εδδ</span> <span class='ocrx_word' id='word_1_366' title='bbox 1168 2388 1223 2451; x_wconf 84' lang='grc'><strong>41).</strong></span> <span class='ocrx_word' id='word_1_367' title='bbox 1247 2387 1297 2436; x_wconf 79' lang='lat' dir='ltr'>lias</span> 
     </span>
     <span class='ocr_line' id='line_1_53' title="bbox 786 2455 1296 2522; baseline -0.008 -14"><span class='ocrx_word' id='word_1_368' title='bbox 786 2459 935 2522; x_wconf 84' lang='lat' dir='ltr'>allgemeine</span> <span class='ocrx_word' id='word_1_369' title='bbox 947 2458 1064 2508; x_wconf 75' lang='lat' dir='ltr'>decoram</span> <span class='ocrx_word' id='word_1_370' title='bbox 1078 2458 1114 2507; x_wconf 91' lang='lat' dir='ltr'>ist</span> <span class='ocrx_word' id='word_1_371' title='bbox 1123 2455 1164 2506; x_wconf 89' lang='lat' dir='ltr'>die</span> <span class='ocrx_word' id='word_1_372' title='bbox 1176 2472 1210 2507; x_wconf 81' lang='lat' dir='ltr'>aa</span> <span class='ocrx_word' id='word_1_373' title='bbox 1222 2455 1296 2517; x_wconf 89' lang='lat' dir='ltr'>jeder</span> 
     </span>
     <span class='ocr_line' id='line_1_54' title="bbox 786 2523 1295 2590; baseline -0.01 -14"><span class='ocrx_word' id='word_1_374' title='bbox 786 2527 890 2590; x_wconf 85' lang='lat' dir='ltr'>Tagend</span> <span class='ocrx_word' id='word_1_375' title='bbox 903 2545 950 2578; x_wconf 84' lang='lat' dir='ltr'>zur</span> <span class='ocrx_word' id='word_1_376' title='bbox 959 2526 1134 2588; x_wconf 82' lang='lat' dir='ltr'>Erscheinung</span> <span class='ocrx_word' id='word_1_377' title='bbox 1148 2523 1295 2574; x_wconf 81' lang='lat' dir='ltr'>hammeude</span> 
     </span>
     <span class='ocr_line' id='line_1_55' title="bbox 786 2593 1295 2660; baseline -0.012 -14"><span class='ocrx_word' id='word_1_378' title='bbox 786 2596 933 2660; x_wconf 86' lang='lat' dir='ltr'>Hormoaie,</span> <span class='ocrx_word' id='word_1_379' title='bbox 957 2597 998 2645; x_wconf 88' lang='lat' dir='ltr'>die</span> <span class='ocrx_word' id='word_1_380' title='bbox 1020 2593 1036 2659; x_wconf 66' lang='grc' dir='ltr'><strong>ξ</strong></span> <span class='ocrx_word' id='word_1_381' title='bbox 1055 2593 1087 2643; x_wconf 83' lang='grc'>94</span> <span class='ocrx_word' id='word_1_382' title='bbox 1099 2593 1295 2654; x_wconf 80' lang='lat' dir='ltr'>nachgewiesen</span> 
     </span>
     <span class='ocr_line' id='line_1_56' title="bbox 787 2660 1296 2726; baseline -0.014 -11"><span class='ocrx_word' id='word_1_383' title='bbox 787 2665 834 2724; x_wconf 75' lang='lat' dir='ltr'>ist3</span> <span class='ocrx_word' id='word_1_384' title='bbox 848 2664 897 2713; x_wconf 90' lang='lat' dir='ltr'>ihm</span> <span class='ocrx_word' id='word_1_385' title='bbox 910 2665 978 2716; x_wconf 85' lang='lat' dir='ltr'>steht</span> <span class='ocrx_word' id='word_1_386' title='bbox 987 2665 1031 2712; x_wconf 85' lang='lat' dir='ltr'>das</span> <span class='ocrx_word' id='word_1_387' title='bbox 1044 2661 1166 2726; x_wconf 88' lang='lat' dir='ltr'>speciellc</span> <span class='ocrx_word' id='word_1_388' title='bbox 1176 2660 1296 2710; x_wconf 80' lang='lat' dir='ltr'>decoram</span> 
     </span>
     <span class='ocr_line' id='line_1_57' title="bbox 787 2728 1298 2794; baseline -0.012 -12"><span class='ocrx_word' id='word_1_389' title='bbox 787 2740 922 2794; x_wconf 79' lang='lat' dir='ltr'>entgegeu,</span> <span class='ocrx_word' id='word_1_390' title='bbox 946 2732 1056 2782; x_wconf 84' lang='lat' dir='ltr'>welches</span> <span class='ocrx_word' id='word_1_391' title='bbox 1080 2730 1106 2778; x_wconf 90' lang='lat' dir='ltr'>lu</span> <span class='ocrx_word' id='word_1_392' title='bbox 1130 2729 1210 2790; x_wconf 82' lang='lat' dir='ltr'>Mass,</span> <span class='ocrx_word' id='word_1_393' title='bbox 1235 2728 1298 2777; x_wconf 86' lang='lat' dir='ltr'>Ord-</span> 
     </span>
     <span class='ocr_line' id='line_1_58' title="bbox 787 2795 1297 2864; baseline -0.008 -16"><span class='ocrx_word' id='word_1_394' title='bbox 787 2815 868 2862; x_wconf 80' lang='lat' dir='ltr'>nnug,</span> <span class='ocrx_word' id='word_1_395' title='bbox 889 2797 1118 2864; x_wconf 78' lang='lat' dir='ltr'>hegelmiissigheit</span> <span class='ocrx_word' id='word_1_396' title='bbox 1129 2796 1180 2846; x_wconf 89' lang='lat' dir='ltr'>und</span> <span class='ocrx_word' id='word_1_397' title='bbox 1193 2795 1297 2858; x_wconf 61' lang='grc'><strong>51111111-</strong></span> 
     </span>
     <span class='ocr_line' id='line_1_59' title="bbox 786 2866 1297 2932; baseline -0.006 -16"><span class='ocrx_word' id='word_1_398' title='bbox 786 2883 842 2932; x_wconf 83' lang='lat' dir='ltr'>gem</span> <span class='ocrx_word' id='word_1_399' title='bbox 863 2868 1008 2918; x_wconf 86' lang='lat' dir='ltr'>Aeussereu</span> <span class='ocrx_word' id='word_1_400' title='bbox 1033 2881 1140 2916; x_wconf 85' lang='lat' dir='ltr'>unseres</span> <span class='ocrx_word' id='word_1_401' title='bbox 1157 2866 1297 2928; x_wconf 79' lang='lat' dir='ltr'>Betragens</span> 
     </span>
     <span class='ocr_line' id='line_1_60' title="bbox 787 2933 1298 2997; baseline -0.01 -12"><span class='ocrx_word' id='word_1_402' title='bbox 787 2936 895 2996; x_wconf 85' lang='lat' dir='ltr'>hesteht,</span> <span class='ocrx_word' id='word_1_403' title='bbox 907 2937 961 2986; x_wconf 85' lang='lat' dir='ltr'>also</span> <span class='ocrx_word' id='word_1_404' title='bbox 974 2937 1009 2986; x_wconf 91' lang='lat' dir='ltr'>im</span> <span class='ocrx_word' id='word_1_405' title='bbox 1022 2933 1298 2997; x_wconf 82' lang='lat' dir='ltr'>engstcuZusarumen-</span> 
     </span>
     <span class='ocr_line' id='line_1_61' title="bbox 788 3001 1298 3066; baseline -0.008 -14"><span class='ocrx_word' id='word_1_406' title='bbox 788 3006 854 3066; x_wconf 83' lang='lat' dir='ltr'>hang</span> <span class='ocrx_word' id='word_1_407' title='bbox 866 3005 912 3054; x_wconf 83' lang='lat' dir='ltr'>urit</span> <span class='ocrx_word' id='word_1_408' title='bbox 925 3005 970 3054; x_wconf 87' lang='lat' dir='ltr'>der</span> <span class='ocrx_word' id='word_1_409' title='bbox 982 3004 1083 3054; x_wconf 83' lang='lat' dir='ltr'>vienten</span> <span class='ocrx_word' id='word_1_410' title='bbox 1102 3001 1209 3064; x_wconf 83' lang='lat' dir='ltr'>Tugend</span> <span class='ocrx_word' id='word_1_411' title='bbox 1222 3001 1298 3050; x_wconf 81' lang='lat' dir='ltr'>steht.</span> 
     </span>
     <span class='ocr_line' id='line_1_62' title="bbox 789 3068 1296 3135; baseline -0.008 -13"><span class='ocrx_word' id='word_1_412' title='bbox 789 3073 842 3122; x_wconf 81' lang='lat' dir='ltr'>llen</span> <span class='ocrx_word' id='word_1_413' title='bbox 876 3071 964 3122; x_wconf 85' lang='lat' dir='ltr'>Plural</span> <span class='ocrx_word' id='word_1_414' title='bbox 987 3068 1107 3135; x_wconf 77' lang='lat' dir='ltr'>ringulae</span> <span class='ocrx_word' id='word_1_415' title='bbox 1128 3070 1296 3135; x_wconf 75' lang='lat' dir='ltr'>pandecten</span> 
     </span>
     <span class='ocr_line' id='line_1_63' title="bbox 789 3130 1298 3204; baseline -0.006 -14"><span class='ocrx_word' id='word_1_416' title='bbox 789 3147 855 3190; x_wconf 85' lang='lat' dir='ltr'>setzt</span> <span class='ocrx_word' id='word_1_417' title='bbox 864 3141 963 3204; x_wconf 78' lang='lat' dir='ltr'>Cicero,</span> <span class='ocrx_word' id='word_1_418' title='bbox 974 3140 1034 3188; x_wconf 88' lang='lat' dir='ltr'>weil</span> <span class='ocrx_word' id='word_1_419' title='bbox 1044 3153 1074 3188; x_wconf 86' lang='lat' dir='ltr'>er</span> <span class='ocrx_word' id='word_1_420' title='bbox 1082 3137 1125 3188; x_wconf 81' lang='lat' dir='ltr'>lin·</span> <span class='ocrx_word' id='word_1_421' title='bbox 1130 3130 1298 3204; x_wconf 68' lang='grc' dir='ltr'><em>σωφροσύνη</em></span> 
     </span>
     <span class='ocr_line' id='line_1_64' title="bbox 789 3205 1299 3266; baseline -0.008 -10"><span class='ocrx_word' id='word_1_422' title='bbox 789 3208 861 3258; x_wconf 82' lang='lat' dir='ltr'>hcine</span> <span class='ocrx_word' id='word_1_423' title='bbox 885 3208 937 3258; x_wconf 85' lang='lat' dir='ltr'>alle</span> <span class='ocrx_word' id='word_1_424' title='bbox 966 3207 1056 3260; x_wconf 86' lang='lat' dir='ltr'>Theile</span> <span class='ocrx_word' id='word_1_425' title='bbox 1087 3205 1172 3254; x_wconf 85' lang='lat' dir='ltr'>dieser</span> <span class='ocrx_word' id='word_1_426' title='bbox 1193 3205 1299 3266; x_wconf 76' lang='lat' dir='ltr'>Tugeud</span> 
     </span>
     <span class='ocr_line' id='line_1_65' title="bbox 788 3271 1298 3336; baseline -0.012 -10"><span class='ocrx_word' id='word_1_427' title='bbox 788 3276 948 3326; x_wconf 85' lang='lat' dir='ltr'>uud&#39;ossendc</span> <span class='ocrx_word' id='word_1_428' title='bbox 970 3275 1145 3336; x_wconf 84' lang='lat' dir='ltr'>Bezaichuung</span> <span class='ocrx_word' id='word_1_429' title='bbox 1168 3273 1220 3323; x_wconf 85' lang='lat' dir='ltr'>hat.</span> <span class='ocrx_word' id='word_1_430' title='bbox 1245 3271 1298 3334; x_wconf 75' lang='lat' dir='ltr'>vgl.</span> 
     </span>
     <span class='ocr_line' id='line_1_66' title="bbox 789 3341 1300 3405; baseline -0.01 -11"><span class='ocrx_word' id='word_1_431' title='bbox 789 3343 905 3398; x_wconf 74' lang='lat' dir='ltr'>tauros.</span> <span class='ocrx_word' id='word_1_432' title='bbox 918 3346 949 3396; x_wconf 88' lang='lat' dir='ltr'>de</span> <span class='ocrx_word' id='word_1_433' title='bbox 963 3345 1004 3394; x_wconf 84' lang='lat' dir='ltr'>off.</span> <span class='ocrx_word' id='word_1_434' title='bbox 1022 3343 1066 3394; x_wconf 93' lang='lat' dir='ltr'>lc.</span> <span class='ocrx_word' id='word_1_435' title='bbox 1080 3343 1125 3391; x_wconf 78' lang='lat' dir='ltr'>td:</span> <span class='ocrx_word' id='word_1_436' title='bbox 1150 3341 1200 3390; x_wconf 76' lang='lat' dir='ltr'>Est</span> <span class='ocrx_word' id='word_1_437' title='bbox 1217 3343 1300 3405; x_wconf 79' lang='lat' dir='ltr'>igitur</span> 
     </span>
     <span class='ocr_line' id='line_1_67' title="bbox 789 3407 1300 3478; baseline -0.012 -16"><span class='ocrx_word' id='word_1_438' title='bbox 789 3412 908 3462; x_wconf 79' lang='lat' dir='ltr'>decorum</span> <span class='ocrx_word' id='word_1_439' title='bbox 925 3412 992 3476; x_wconf 86' lang='lat' dir='ltr'>qaod</span> <span class='ocrx_word' id='word_1_440' title='bbox 1003 3412 1154 3478; x_wconf 77' lang='lat' dir='ltr'>praerninet,</span> <span class='ocrx_word' id='word_1_441' title='bbox 1172 3411 1248 3460; x_wconf 80' lang='lat' dir='ltr'>caina</span> <span class='ocrx_word' id='word_1_442' title='bbox 1261 3407 1300 3458; x_wconf 87' lang='lat' dir='ltr'>di-</span> 
     </span>
     <span class='ocr_line' id='line_1_68' title="bbox 789 3477 1300 3546; baseline -0.012 -16"><span class='ocrx_word' id='word_1_443' title='bbox 789 3483 852 3530; x_wconf 81' lang='lat' dir='ltr'>an&#39;aio</span> <span class='ocrx_word' id='word_1_444' title='bbox 861 3484 968 3546; x_wconf 78' lang='lat' dir='ltr'>gemina</span> <span class='ocrx_word' id='word_1_445' title='bbox 980 3484 1025 3530; x_wconf 80' lang='lat' dir='ltr'>cst.</span> <span class='ocrx_word' id='word_1_446' title='bbox 1045 3478 1113 3530; x_wconf 85' lang='lat' dir='ltr'>Nam</span> <span class='ocrx_word' id='word_1_447' title='bbox 1129 3481 1169 3528; x_wconf 80' lang='lat' dir='ltr'>est</span> <span class='ocrx_word' id='word_1_448' title='bbox 1179 3477 1300 3528; x_wconf 72' lang='lat' dir='ltr'>deceantur</span> 
     </span>
     <span class='ocr_line' id='line_1_69' title="bbox 789 3545 1299 3614; baseline -0.012 -16"><span class='ocrx_word' id='word_1_449' title='bbox 789 3548 1005 3614; x_wconf 73' lang='lat' dir='ltr'>qnaeigeuerale,</span> <span class='ocrx_word' id='word_1_450' title='bbox 1022 3545 1089 3612; x_wconf 85' lang='lat' dir='ltr'>qaod</span> <span class='ocrx_word' id='word_1_451' title='bbox 1108 3562 1155 3613; x_wconf 84' lang='lat' dir='ltr'>par</span> <span class='ocrx_word' id='word_1_452' title='bbox 1171 3547 1299 3596; x_wconf 81' lang='lat' dir='ltr'>universi-</span> 
     </span>
     <span class='ocr_line' id='line_1_70' title="bbox 789 3614 1301 3678; baseline -0.01 -13"><span class='ocrx_word' id='word_1_453' title='bbox 789 3620 869 3666; x_wconf 84' lang='lat' dir='ltr'>tatem</span> <span class='ocrx_word' id='word_1_454' title='bbox 894 3617 1006 3668; x_wconf 85' lang='lat' dir='ltr'>tenditur</span> <span class='ocrx_word' id='word_1_455' title='bbox 1029 3616 1166 3666; x_wconf 77' lang='lat' dir='ltr'>lionectatis</span> <span class='ocrx_word' id='word_1_456' title='bbox 1189 3618 1214 3664; x_wconf 88' lang='lat' dir='ltr'>at</span> <span class='ocrx_word' id='word_1_457' title='bbox 1227 3614 1301 3678; x_wconf 77' lang='lat' dir='ltr'>qnasi</span> 
     </span>
     <span class='ocr_line' id='line_1_71' title="bbox 790 3684 1300 3750; baseline -0.012 -16"><span class='ocrx_word' id='word_1_458' title='bbox 790 3689 841 3734; x_wconf 88' lang='lat' dir='ltr'>toto</span> <span class='ocrx_word' id='word_1_459' title='bbox 862 3689 991 3749; x_wconf 74' lang='lat' dir='ltr'>spectatur·</span> <span class='ocrx_word' id='word_1_460' title='bbox 1015 3699 1131 3750; x_wconf 82' lang='lat' dir='ltr'>corpore,</span> <span class='ocrx_word' id='word_1_461' title='bbox 1160 3687 1202 3732; x_wconf 82' lang='lat' dir='ltr'>eat</span> <span class='ocrx_word' id='word_1_462' title='bbox 1220 3684 1300 3732; x_wconf 77' lang='lat' dir='ltr'>eliani</span> 
     </span>
     <span class='ocr_line' id='line_1_72' title="bbox 789 3749 1299 3819; baseline -0.012 -17"><span class='ocrx_word' id='word_1_463' title='bbox 789 3752 903 3819; x_wconf 76' lang='lat' dir='ltr'>speciata,</span> <span class='ocrx_word' id='word_1_464' title='bbox 914 3753 1013 3818; x_wconf 82' lang='lat' dir='ltr'>quadiu</span> <span class='ocrx_word' id='word_1_465' title='bbox 1025 3757 1099 3818; x_wconf 85' lang='lat' dir='ltr'>parte</span> <span class='ocrx_word' id='word_1_466' title='bbox 1116 3749 1202 3815; x_wconf 81' lang='lat' dir='ltr'>aliqua</span> <span class='ocrx_word' id='word_1_467' title='bbox 1214 3752 1299 3800; x_wconf 72' lang='lat' dir='ltr'>enitet.</span> 
     </span>
    </p>

    <p class='ocr_par' dir='ltr' id='par_1_12' title="bbox 791 3817 1300 3954">
     <span class='ocr_line' id='line_1_73' title="bbox 828 3817 1300 3872; baseline -0.015 0"><span class='ocrx_word' id='word_1_468' title='bbox 828 3822 865 3872; x_wconf 81' lang='grc'><strong>111.</strong></span> <span class='ocrx_word' id='word_1_469' title='bbox 879 3819 998 3872; x_wconf 82' lang='lat' dir='ltr'>decoram</span> <span class='ocrx_word' id='word_1_470' title='bbox 1010 3821 1110 3872; x_wconf 76' lang='lat' dir='ltr'>idaeae.</span> <span class='ocrx_word' id='word_1_471' title='bbox 1123 3817 1300 3870; x_wconf 81' lang='lat' dir='ltr'>Dieselteliui-</span> 
     </span>
     <span class='ocr_line' id='line_1_74' title="bbox 791 3884 1298 3954; baseline -0.014 -14"><span class='ocrx_word' id='word_1_472' title='bbox 791 3889 845 3940; x_wconf 88' lang='lat' dir='ltr'>tion</span> <span class='ocrx_word' id='word_1_473' title='bbox 857 3898 930 3954; x_wconf 85' lang='lat' dir='ltr'>passt</span> <span class='ocrx_word' id='word_1_474' title='bbox 943 3890 1006 3941; x_wconf 89' lang='lat' dir='ltr'>nach</span> <span class='ocrx_word' id='word_1_475' title='bbox 1019 3907 1040 3940; x_wconf 84' lang='lat' dir='ltr'>c.</span> <span class='ocrx_word' id='word_1_476' title='bbox 1055 3891 1087 3951; x_wconf 81' lang='lat'>4,</span> <span class='ocrx_word' id='word_1_477' title='bbox 1104 3887 1135 3937; x_wconf 85' lang='lat' dir='ltr'>de</span> <span class='ocrx_word' id='word_1_478' title='bbox 1148 3887 1190 3937; x_wconf 88' lang='lat' dir='ltr'>fin.</span> <span class='ocrx_word' id='word_1_479' title='bbox 1203 3884 1237 3936; x_wconf 96' lang='lat' dir='ltr'>lll</span> <span class='ocrx_word' id='word_1_480' title='bbox 1250 3903 1272 3936; x_wconf 88' lang='lat' dir='ltr'>c.</span> <span class='ocrx_word' id='word_1_481' title='bbox 1284 3884 1298 3932; x_wconf 86' lang='lat'><strong>6</strong></span> 
     </span>
    </p>
   </div>
   <div class='ocr_carea' id='block_1_6' title="bbox 0 0 1397 4498">
    <p class='ocr_par' dir='ltr' id='par_1_13' title="bbox 0 0 1397 4498">
     <span class='ocr_line' id='line_1_75' title="bbox 0 0 1397 4498; baseline 0 0"><span class='ocrx_word' id='word_1_482' title='bbox 0 0 1397 4498; x_wconf 95' lang='lat' dir='ltr'> </span> 
     </span>
    </p>
   </div>
  </div>
 </body>
</html>
