2800 4506
415 257 459 310 itit
478 256 613 310 urricus
625 257 686 312 Llll.
697 257 737 310 lll.
766 259 839 312 CAP.
852 261 877 312 6.
1119 263 1177 325 193

108 419 171 474 tam
186 412 346 477 utilitatem
361 409 557 491 reipublicae
572 419 664 492 atque
677 413 832 478 hominum
854 415 997 485 societati,
1021 415 1047 477 si
1065 416 1097 476 in
1119 415 1177 476 vita

106 515 274 571 remaneas,
290 497 407 560 adlerre
422 497 528 576 possis,
543 497 568 558 si
585 499 654 577 quid
671 499 710 560 ob
725 519 788 562 eam
805 518 925 560 causam
941 501 1025 564 alteri
1041 502 1177 562 detraxe-

107 583 160 655 ris,
176 599 239 643 non
254 582 294 642 sit
307 583 600 661 reprehendendum.
636 583 691 644 Sin
706 592 806 644 autem
821 584 851 644 id
868 585 985 646 nonsit
1003 586 1066 650 eius
1088 585 1180 659 modi

105 685 196 730 suum
214 667 322 747 auique
337 667 559 730 incommodum
576 667 734 734 ferendum
751 677 797 730 est
817 669 917 748 potius
937 687 1026 749 quarn
1048 672 1085 732 de
1105 671 1176 731 alte-

70 761 84 810 s
106 753 173 818 rius
189 753 354 818 commodis
370 752 596 816 detrahendum.
620 753 687 814 Non
701 755 791 834 igilur
806 755 899 832 magis
915 764 960 818 est
975 763 1078 820 uonna
1089 763 1179 818 natu·

107 855 173 900 ram
190 838 313 902 morbus
329 845 380 901 aut
395 847 507 917 egestas
523 846 573 900 ant
589 837 660 917 quid
676 839 741 902 eius
756 839 838 904 ntodi
859 858 947 918 quam
968 840 1112 902 detractio
1132 849 1178 904 at·

107 941 168 1002 que
189 923 329 1002 appetitio
350 923 453 995 alieni,
477 923 529 986 sed
552 924 721 988 cenrmunis
743 924 879 988 utilitatis
901 925 1052 988 derelictio
1075 933 1179 988 contra

106 1017 245 1072 naturam
269 1016 329 1070 est:
353 1017 400 1070 est
419 1008 501 1072 enim
522 1007 642 1072 iniusta.
671 1009 775 1088 ltaque
793 1010 842 1070 lex
868 1010 932 1088 ipsa
948 1018 1080 1082 naturae,
1102 1021 1227 1089 quaassm

105 1093 265 1156 utilitatem
288 1093 445 1158 hominnm
466 1102 623 1158 conservat
646 1103 677 1158 at
696 1096 842 1166 continet,
874 1097 1015 1158 decernet
1034 1099 1177 1178 prolecto,

57 1189 87 1240 10
107 1187 143 1242 nt
158 1177 196 1244 ab
212 1178 337 1244 homine
351 1179 441 1242 inerti
457 1186 548 1258 atque
563 1179 661 1242 inutili
677 1180 714 1244 ad
730 1180 910 1259 sapientem.
926 1179 1054 1252 benum,
1070 1181 1178 1244 fortem

108 1264 207 1328 virum
224 1265 444 1330 transferantur
458 1282 506 1326 res
522 1265 557 1326 ad
574 1263 734 1330 vivendum
750 1265 944 1336 necessariae,
960 1265 1011 1345 qui
1027 1265 1179 1328 sioaeide·

107 1349 159 1421 rit,
176 1349 304 1412 maltum
319 1350 357 1412 de
371 1348 528 1416 communi
539 1349 665 1414 utilitate
677 1351 846 1424 detraxerit,
861 1351 951 1414 mado
963 1351 1020 1414 hec
1030 1352 1071 1414 ita
1083 1351 1178 1423 iaciat,

105 1442 141 1498 ut
156 1451 196 1496 na
211 1433 276 1512 ipse
291 1435 328 1498 de
344 1453 377 1496 se
390 1435 468 1500 hene
484 1433 658 1500 existimans
673 1455 799 1515 seseque
818 1436 942 1514 diligens
963 1437 1041 1500 hana
1061 1455 1178 1500 aanmm

106 1519 217 1586 habeat
232 1519 270 1584 ad
285 1519 436 1584 iniuriam.
466 1520 510 1584 lta
525 1537 644 1599 semper
659 1521 757 1584 officio
771 1521 915 1599 fungetur
928 1521 1048 1584 utilitati
1067 1541 1178 1584 consu-

53 1617 83 1666 15
103 1606 172 1666 lens
191 1604 349 1670 hominum
372 1613 402 1666 et
420 1605 456 1673 ei,
480 1623 673 1684 quamsaepe
689 1625 902 1680 commemoro,
918 1607 1068 1670 humanae
1083 1607 1178 1670 sacio-

103 1691 169 1754 tati.
193 1689 269 1754 Nam
282 1691 361 1768 quod
374 1690 410 1752 ad
422 1689 571 1752 Phalarim
585 1690 701 1762 attinet,
712 1691 852 1770 perfacile
863 1691 1006 1754 iudiaium
1019 1700 1072 1752 est.
1093 1692 1119 1752 N
1122 1691 1179 1754 ulla
1197 1704 1228 1753 32

106 1783 154 1836 est
171 1775 251 1834 enirn
268 1775 393 1835 societas
410 1774 496 1836 nobis
512 1795 580 1836 aum
596 1775 742 1854 tyrannis,
758 1784 789 1836 et
803 1775 902 1854 potius
918 1794 1035 1838 summa
1052 1777 1176 1836 distrac-

104 1862 148 1923 tio
166 1855 222 1930 est,
239 1877 337 1939 neque
353 1867 397 1922 est
413 1869 515 1928 contra
531 1868 668 1928 naturam
684 1861 811 1942 spoliare
823 1879 907 1932 eum,
924 1861 948 1921 si
961 1861 1069 1940 possis,
1087 1880 1176 1944 quem

107 1954 155 2014 est
177 1945 339 2013 honesturn
360 1963 480 2017 necare,
502 1955 593 2025 atque
608 1945 666 2006 hoa
681 1964 771 2012 omne
786 1963 880 2024 genus
895 1945 1072 2024 pestiferunt
1087 1954 1177 2024 atque

52 2040 85 2088 20
103 2029 231 2110 impium
247 2030 455 2092 exhominans
472 2031 688 2099 communitate
704 2030 966 2095 exterminandum
976 2039 1033 2092 est.
1056 2030 1176 2091 Etenim

103 2124 139 2177 ut
158 2115 294 2176 membra
315 2116 460 2193 quaedam
483 2124 690 2196 amputantur,
715 2117 740 2178 si
762 2125 791 2176 et
811 2117 875 2196 ipsa
890 2116 1037 2194 sanguine
1052 2125 1083 2176 et
1097 2122 1176 2175 tam-

104 2219 196 2280 quam
211 2201 319 2286 spiritu
334 2219 435 2268 carere
450 2208 627 2282 coeperunt,
651 2210 681 2262 et
696 2209 808 2267 nocent
818 2201 944 2282 'reliquis
958 2201 1092 2279 partibus
1108 2219 1175 2261 cor-

103 2286 197 2366 peris,
212 2287 257 2354 sic
267 2286 323 2350 ista
333 2285 365 2354 in
378 2285 471 2364 ligura
482 2285 613 2356 hominis
624 2286 727 2353 feritas
740 2295 770 2354 et
780 2286 940 2352 inmanitas
952 2287 1081 2353 beluaco
1093 2305 1176 2347 conr-

103 2439 158 2490 rep.
188 2421 222 2474 lm
240 2421 383 2476 Dentschan
406 2439 475 2476 musa
492 2439 550 2476 man
568 2425 616 2476 den
707 2425 745 2474 16.
775 2421 854 2476 Nata
877 2427 916 2473 est
930 2425 997 2474 enirn
1014 2429 1063 2474 cet.
1104 2423 1176 2476 anet

104 2492 213 2546 zweiten
226 2491 383 2546 Vardersntz
403 2491 429 2540 is
447 2493 495 2545 den
519 2492 616 2558 liaupt-
669 2491 753 2545 hieria
767 2491 832 2552 lieet
845 2489 1120 2543 eineversteaktedns
1138 2492 1176 2540 ie-

104 2567 164 2610 satz
189 2558 353 2610 einschieben
380 2559 442 2610 oder
462 2561 513 2610 ihm
538 2561 616 2611 nacha
669 2508 1172 2624 lungauldenTodCacsars3vgl.gld

104 2628 192 2692 falgen
205 2627 299 2690 lassan,
316 2627 378 2678 oder
390 2627 431 2677 dia
444 2627 536 2686 beiden
551 2627 616 2680 Vor—
671 2627 719 2683 und
731 2626 752 2677 ll
764 2625 780 2692 ξ
792 2627 833 2683 23,

105 2697 224 2746 ders'aitze
237 2695 316 2749 durch
333 2696 394 2746 und
413 2697 561 2754 verbindcn
592 2713 612 2748 a.
705 2697 744 2748 tr.
757 2700 781 2748 at
790 2698 885 2763 potina,
897 2694 948 2748 wie
960 2709 990 2746 aa
998 2697 1084 2762 potius
1093 2692 1103 2745 l
1112 2693 1174 2764 568.

104 2764 144 2816 Nii
165 2763 268 2816 elsbach
279 2765 324 2818 lat.
337 2763 396 2814 Stil.
408 2762 426 2828 ξ
439 2765 496 2818 116.
665 2768 806 2834 potiusque,
819 2780 841 2818 a.
854 2762 864 2814 l
876 2763 893 2831 §
906 2763 947 2820 92.

140 2778 165 2890 ξ.
191 2833 219 2886 ob
236 2848 294 2884 earn
306 2848 426 2896 causam,
445 2833 520 2890 niiml
539 2837 570 2886 ut
586 2835 614 2882 a'n
703 2831 744 2886 23.
763 2834 907 2887 inmanitas
923 2831 1063 2888 bildetdan
1078 2829 1178 2894 Gagan-

104 2904 159 2954 va'ta
185 2915 320 2951 remanens
343 2902 479 2958 damiam
500 2903 616 2958 societati
670 2909 726 2958 sata
748 2917 779 2950 zu
799 2901 958 2953 hamanitas.
988 2897 1049 2966 §82
1068 2901 1179 2950 domania

104 2969 247 3020 aulantem
258 2968 362 3036 adferas
370 2973 463 3038 passio.
666 2969 762 3037 figam
784 2971 964 3022 inmanitatem
984 2971 1065 3034 gerat
1083 2967 1177 3018 oetaae.

140 3040 165 3088 5.
198 3035 256 3093 Nan
281 3040 377 3102 agitur.
413 3037 526 3100 Dareus,
555 3037 615 3087 dass
703 3053 721 3088 a
737 3039 867 3090 carantani
882 3041 1013 3104 umquam
1029 3035 1178 3086 manantia-

105 3122 164 3158 man
177 3103 354 3162 inlatas-esse
367 3105 615 3160 dar-menschliahcn
670 3107 705 3159 te
729 3118 844 3172 corpore:
870 3105 925 3154 dam
948 3103 999 3154 Ver
1018 3103 1100 3155 leiche
1123 3109 1178 3154 ent-

106 3172 299 3232 Gemcinsohait
316 3173 397 3224 einen
411 3173 539 3240 unniitaan
552 3172 616 3225 Sut—
671 3173 811 3240 soracten
836 3171 903 3226 ulad
927 3172 969 3226 die
995 3119 1179 3226 Essammtheit

103 3243 175 3305 Jeete
187 3248 269 3294 etwas
288 3242 408 3308 entzieht,
429 3257 471 3292 um
489 3242 531 3294 ein
543 3242 616 3293 atita-
671 3243 715 3295 der
728 3239 866 3308 Mansahen
883 3241 934 3294 wia
948 3239 1004 3292 aiae
1016 3237 1113 3294 Person
1132 3254 1177 3290 an-

104 3311 188 3362 liahas
209 3307 329 3372 lllitglie'd
350 3327 382 3362 zu
407 3311 540 3376 erhaltan,
558 3307 619 3363 dari
670 3311 787 3375 paschon,
796 3309 874 3364 deren
884 3307 958 3361 Seele
969 3307 1010 3360 die
1019 3307 1177 3370 dementias,

105 3379 178 3436 nicht
190 3377 319 3445 gelalgart
330 3379 443 3443 werden,
453 3379 512 3428 dass
522 3395 545 3428 n.
553 3395 571 3432 s.
581 3392 612 3427 w·
669 3377 714 3430 der
726 3375 849 3440 Inbagriff
864 3377 910 3426 der
928 3373 1113 3428 menschlicltan
1126 3373 1177 3424 Tu-

103 3447 165 3510 Vgl.
203 3447 249 3496 '35
270 3450 328 3498 tuan
347 3463 398 3500 aare
417 3446 521 3502 aestuas
538 3444 615 3498 relin-
669 3446 774 3510 pendan,
788 3447 866 3524 deren
879 3442 980 3509 lidrper
992 3443 1033 3492 die
1047 3441 1176 3492 einzelnen

104 3531 182 3638 lli.
203 3519 279 3636 alt
297 3584 357 3632 aa
373 3585 537 3633 natant.
563 3581 615 3632 ea
669 3509 1177 3646 litunattitulantett

104 3653 204 3704 Znsatz
228 3667 281 3702 sese
304 3651 414 3716 dilapsas
442 3651 525 3717 zaipt,
555 3652 615 3708 dass
668 3651 783 3704 humana
799 3649 920 3701 conclusa
935 3651 1004 3708 sunt,
1026 3662 1106 3698 unum
1127 3651 1177 3696 eat:

103 3721 161 3771 dies
174 3717 615 3783 bedentet‘eineauguteltleinung
667 3719 785 3768 meandris
814 3734 905 3772 samua
935 3718 1048 3783 eorporis
1077 3717 1176 3781 magm.

103 3805 156 3839 von
175 3787 232 3840 sich
247 3789 338 3852 haben,
360 3787 416 3839 sich
437 3787 520 3839 selbst
540 3787 616 3836 iiber·
668 3785 814 3850 Fiirgaaus
825 3787 968 3836 humanum
980 3785 1049 3836 steht
1060 3784 1115 3834 also
1128 3785 1175 3834 du-

104 3850 245 3908 sahiitzen’‚
276 3857 333 3920 Vgl.
351 3854 434 3922 lpas
454 3857 509 3906 nisi
518 3857 616 3906 nosmet
651 3907 654 3914 ,
669 3856 785 3904 manitus
796 3853 854 3905 hier
865 3854 936 3904 nicht
949 3854 1071 3904 undwird
1081 3859 1177 3902 saerst

102 3931 173 3994 ipsos
185 3923 259 3977 auide
270 3925 424 3974 notabimus.
669 3939 719 3974 von
726 3922 1022 3987 spiitenSahriltstallern
1030 3921 1174 3984 gebrauclt,

158 4009 233 4052 Cicero
248 4009 274 4052 de
288 4008 371 4052 officiis.
392 4013 411 4052 4.
425 4007 483 4052 sud.
929 4007 962 4060 13
