2768 4498
411 191 676 306 nuonrrcnsnn.
689 229 719 282 n.
744 229 815 282 car.
832 234 853 283 1.
1107 233 1166 296 123

97 402 208 463 operae
234 392 265 446 et
291 385 436 462 temporie
451 402 575 464 ponere.
604 381 667 463 Ego
684 392 796 455 autem,
818 404 906 464 quam
923 385 974 446 diu
989 405 1036 446 res
1052 386 1167 465 publica

95 488 149 548 per
164 489 218 532 eos
233 468 402 549 gerebatur,
410 470 519 550 quibus
534 489 566 530 se
582 469 644 548 ipsa
653 463 853 543 commiserat,
868 489 975 532 omnes
989 489 1070 534 meas
1082 489 1167 534 ouras

95 554 352 634 cogitationesque
367 554 399 615 in
416 573 479 616 eam
496 553 696 616 conferebam.
715 555 789 615 Cum
799 563 898 617 autem
912 556 1067 618 dominatu
1079 557 1168 618 unius

96 641 197 702 omnia
215 647 393 702 tenerentur
406 658 505 720 neque
516 648 596 700 esset
611 658 738 720 usquam
747 641 871 702 consilio
880 649 932 702 aut
943 642 1110 704 auctoritati
1123 643 1169 703 lo-

62 733 77 781 t
96 745 160 798 eus,
173 726 271 786 socios
287 725 416 804 denique
431 725 563 786 tuendae
577 725 622 787 rei
635 725 781 804 publicae,
795 744 931 787 summos
947 727 1035 798 viros,
1051 727 1169 790 amisis-

96 830 173 883 sem,
190 830 246 872 nec
262 830 310 871 me
326 809 488 888 angoribus
503 809 613 882 dedidi,
635 809 745 889 quibus
760 829 857 872 essem
874 813 1036 880 conlectus,
1059 811 1117 873 nisi
1133 813 1169 874 iis

96 897 286 968 restitissem,
310 913 367 956 nec
388 914 508 957 rursum
536 895 667 973 indignis
695 895 818 956 homine
845 897 932 957 docto
958 895 1169 976 voluptatibus.

97 982 197 1061 Atque
211 981 326 1042 utinam
340 999 388 1042 res
404 980 520 1060 publica
532 979 736 1059 stetissetque
748 989 886 1059 coeperat
901 988 978 1042 statu
995 981 1097 1043 necin
1112 984 1168 1043 bo·
1187 991 1202 1042 3

95 1068 195 1128 mines
211 1085 274 1127 non
286 1075 345 1126 tam
363 1067 738 1145 commutandarumquam
752 1066 979 1128 evertendarum
995 1084 1097 1128 rerum
1115 1085 1168 1128 cu·
1317 1131 1323 1142 ,

44 1153 74 1205 10
92 1153 180 1232 pidcs
197 1149 367 1213 incidisset!
382 1151 517 1213 Primum
532 1151 621 1222 enim,
637 1159 671 1212 ut
687 1158 788 1212 stante
802 1169 835 1212 re
850 1152 966 1230 publica
980 1153 1077 1212 lacere
1089 1153 1168 1214 sole-
1244 1123 1362 1232 μμ),

95 1239 214 1309 bamus,
233 1237 267 1297 in
293 1238 408 1315 agendo
429 1237 495 1316 plus
519 1255 608 1315 quam
627 1236 659 1296 in
675 1235 833 1298 scribendo
849 1255 957 1315 operae
978 1256 1169 1317 poneremus,
1184 1219 1228 1276 s

96 1323 207 1384 deinde
229 1323 303 1401 ipsis
326 1321 445 1401 scriptis
460 1339 522 1382 non
545 1339 588 1398 ea,
612 1340 793 1400 quaerum,
819 1323 869 1382 sed
892 1323 1023 1384 actiones
1052 1331 1170 1384 nostras

95 1409 318 1479 mandaremus,
334 1415 367 1468 ut
382 1427 470 1486 saepe
485 1405 621 1466 fecimus.
650 1407 724 1468 Cum
741 1416 840 1468 autem
857 1427 906 1470 res
922 1408 1047 1486 publiea,
1064 1409 1096 1470 in
1111 1427 1172 1486 qua·

95 1493 197 1554 omnis
213 1511 280 1552 mea
296 1510 376 1561 cura,
399 1491 546 1570 cogitatio,
570 1508 659 1570 opera
681 1491 753 1570 poni
769 1493 891 1565 solebat,
914 1495 991 1554 nulla
1008 1501 1085 1554 esset
1102 1512 1170 1553 om-

40 1584 71 1632 15
93 1578 178 1649 nino,
206 1577 272 1638 illae
295 1577 409 1658 scilicet
430 1579 547 1638 litterae
570 1577 781 1638 conticuerunt
794 1577 933 1639 forenses
949 1587 980 1639 et
994 1579 1169 1640 senatoriae.

95 1663 177 1724 Nihil
200 1681 288 1741 agere
311 1671 411 1723 autem
434 1681 501 1722 cum
525 1661 644 1722 animus
666 1680 729 1724 non
752 1671 862 1741 posset,
885 1663 917 1724 in
943 1664 990 1724 his
1011 1664 1117 1724 studiis
1133 1663 1204 1724 abt

93 1749 182 1810 initio
207 1755 343 1808 versatus
360 1749 462 1808 aetatis
485 1747 651 1808 existimavi
672 1747 882 1808 honestissime
909 1749 1061 1809 molestias
1080 1768 1169 1827 posse

97 1833 220 1912 deponi,
247 1833 343 1894 sime
365 1834 400 1893 ad
417 1831 637 1912 philosophiam
659 1833 851 1894 rettulissem.
880 1833 935 1893 Cui
957 1851 1026 1893 cum
1041 1834 1168 1894 multum

97 1919 274 1980 adulescens
291 1918 426 1978 discendi
441 1935 528 1978 eausa
543 1917 687 1997 temporis
702 1917 996 1996 tribuissempostea
1008 1937 1097 1997 quam
1113 1919 1169 1980 bo-

42 2013 75 2061 20
93 2003 221 2065 noribus
236 2004 381 2065 inservire
397 2003 480 2082 coepi
492 2020 601 2082 meque
617 2003 766 2064 totumrei
781 2003 914 2082 publicae
926 2003 1042 2075 tradidi,
1051 2011 1169 2063 tantum

94 2097 185 2224 eumn
182 2089 387 2168 philosophiae
411 2089 478 2160 loci,
502 2095 646 2167 quantum
674 2088 865 2173 superfuerat
894 2089 1058 2149 amicorum
1081 2095 1111 2148 et
1126 2089 1169 2149 rei

94 2253 197 2315 omnen.
234 2262 264 2311 de
283 2262 332 2324 leg.
344 2259 365 2310 ll
379 2261 407 2322 5,
427 2259 459 2312 13
477 2275 541 2325 quae
556 2275 607 2310 non
663 2260 799 2312 weebende
815 2262 976 2314 Steatsleben
998 2261 1100 2312 bezieht
1118 2262 1171 2313 sich

94 2334 187 2398 magia
199 2329 263 2394 legis
275 2344 367 2379 nomen
376 2329 519 2394 attingunt,
531 2344 608 2392 prtum
662 2330 726 2379 eucb
739 2330 770 2378 de
782 2329 860 2378 divin.
873 2329 894 2378 ll
906 2331 931 2388 2,
946 2332 960 2379 7
972 2345 1040 2379 nune
1052 2334 1171 2395 quoniam

95 2405 121 2452 ei
130 2401 247 2450 latrones
258 2397 358 2463 aliquae
368 2399 511 2447 emerint.
662 2395 694 2446 de
706 2412 735 2447 re
745 2396 847 2463 pubhea
861 2399 958 2448 coresuh¹
975 2401 1055 2464 coepti
1070 2415 1171 2463 stemus,

133 2469 159 2518 5.
177 2469 260 2516 socios
271 2469 430 2515 ammoneret:
460 2465 489 2514 ad
504 2463 562 2514 lam.
574 2463 609 2516 lV
663 2463 798 2516 tetrada
810 2469 850 2514 aet
864 2480 942 2531 opera
958 2464 1123 2530 reipublicae
1134 2466 1173 2516 uel

98 2537 147 2601 13,
174 2535 189 2583 2
213 2549 286 2585 careo
309 2549 368 2584 cum
384 2533 609 2600 familiarissimas
664 2535 747 2582 munia
775 2535 1170 2596 ottusineacogt'tataeeteura

96 2603 199 2662 mutto,
214 2617 275 2667 quos
287 2606 333 2652 aut
344 2616 415 2652 more
426 2604 522 2668 eripuit
538 2603 611 2652 nobis
660 2615 742 2668 ponere
779 2639 784 2650 .
820 2600 901 2652 Uuter
924 2603 1036 2652 domines
1053 2629 1070 2636 -
1087 2601 1174 2670 copthi

97 2677 147 2724 aut
163 2671 290 2722 dietraoet't
303 2673 387 2738 suga,
411 2673 467 2719 tum
491 2671 609 2720 omnibus
664 2669 722 2718 sind
734 2671 860 2720 Antonius
873 2671 922 2720 und
941 2671 997 2720 sein
1009 2671 1116 2732 Anhang
1128 2685 1173 2732 ge-

97 2742 202 2803 memo,
219 2754 326 2804 puerum
348 2737 542 2788 benevolentiam
563 2755 609 2788 no·
663 2737 751 2787 meiat.
886 2797 891 2806 ¹
1007 2788 1012 2796 ,

98 2811 139 2860 bis
150 2808 302 2859 conciliarat
316 2822 362 2874 per
377 2822 419 2856 me
430 2807 556 2871 quondam
567 2805 610 2857 de-
701 2805 740 2857 12.
759 2808 880 2866 actiones,
892 2805 933 2855 die
946 2806 1108 2858 tilientlichen
1123 2806 1173 2856 lle-

94 2879 178 2946 scnsa
187 2873 347 2942 respublica.
382 2875 469 2925 Damit
485 2875 565 2925 meiut
581 2890 612 2924 er
665 2873 723 2936 den,
734 2874 786 2924 wie
798 2875 877 2925 sebon
888 2874 933 2924 das
943 2873 1061 2939 folgeude
1073 2875 1174 2926 litterae

98 2946 130 3011 Q.
145 2943 262 3004 Catulus,
276 2941 303 2992 C.
315 2943 385 3004 Piso,
397 2943 439 2993 die
453 2943 544 2994 beiden
558 2941 611 2992 Lu·
664 2941 782 3007 forenses
805 2946 830 2991 et
855 2945 1000 2993 senatoriae
1024 2943 1105 3008 zeigt,
1129 2943 1174 2993 das

99 3013 175 3077 culli,
196 3011 340 3077 Pompejus,
359 3010 388 3062 P.
409 3010 539 3062 Servilius
560 3012 611 3060 und
666 3010 722 3060 sind
736 3011 778 3060 die
790 3008 1014 3072 ausgezeicboeten
1028 3012 1122 3074 heder,
1133 3011 1174 3060 die

98 3081 198 3143 Andre,
212 3080 254 3130 die
266 3078 331 3130 Phil.
343 3078 363 3130 ll
377 3081 401 3141 5,
422 3081 451 3132 12
465 3078 613 3141 ausgezliblt
665 3093 715 3127 vor
727 3078 835 3128 Geriebt
847 3078 896 3127 und
914 3079 948 3128 im
965 3079 1043 3130 Senot
1055 3082 1172 3144 gehalten

99 3149 215 3200 werden.
666 3160 763 3196 waren.

135 3217 161 3266 6.
185 3219 340 3280 angoribus:
353 3215 416 3266 iiber
428 3217 475 3265 den
487 3213 577 3264 Plural
589 3231 611 3265 z.
704 3216 741 3266 15.
763 3209 861 3262 scilieet
875 3241 892 3247 -
908 3216 1090 3266 conticuerunt.
1126 3215 1176 3264 Mit

102 3289 111 3337 l
123 3284 140 3352 ἦ
152 3285 195 3334 41.
666 3281 846 3344 Resignation:
858 3281 896 3331 sie
907 3289 1021 3331 mussten
1034 3283 1176 3333 selbstver-

136 3355 161 3406 ’1,
180 3363 299 3404 mesum:
324 3351 374 3402 wie
391 3352 436 3402 das
454 3350 613 3413 griechisebe
668 3349 796 3400 stiindlicb
809 3355 988 3400 verstununeu.

78 3417 322 3487 ,oddae-contra,
346 3421 517 3478 eudrerseits3
542 3417 612 3484 521.
704 3418 743 3470 16.
768 3417 799 3466 ab
814 3418 902 3466 initiet
926 3433 947 3466 s.
964 3415 1112 3490 'Q
1124 3415 1176 3465 und

104 3487 264 3546 deonlil,
287 3487 336 3540 llll
354 3503 540 3554 nequer-umus
555 3501 612 3536 eam
669 3483 848 3549 llinleituog§
864 3489 885 3538 1.
976 3485 981 3491 ’

101 3563 184 3608 totam
195 3553 351 3624 repudiaret.
370 3557 400 3605 de
412 3557 454 3606 lin.
467 3556 498 3608 lll
518 3558 563 3618 10,
579 3553 613 3604 34
701 3554 743 3604 21.
764 3557 889 3618 quantum
899 3554 1069 3621 superfuerat
1081 3555 1177 3602 amabo·

100 3641 181 3692 neque
204 3628 231 3674 in
254 3623 326 3673 bonis
348 3629 487 3676 uulnerata
511 3626 547 3673 eit
569 3637 614 3672 nee
666 3623 928 3688 rum-temporibus:
942 3625 994 3686 vgl.
1007 3623 1039 3672 do
1054 3622 1106 3672 div.
1118 3619 1138 3670 ll
1151 3623 1176 3683 2,

100 3692 335 3745 mrseetnmalo.
668 3693 683 3740 'l
708 3689 842 3740 tribuenda
864 3694 903 3739 est
926 3704 1003 3757 opera
1028 3692 1068 3741 rei
1091 3689 1178 3757 publi-

139 3761 163 3814 8.
182 3777 232 3826 quo
254 3765 370 3828 coeperat
393 3765 474 3811 statu:
503 3758 614 3810 ntmltch
669 3774 723 3808 eae:
745 3755 848 3808 tenum
868 3757 1025 3808 hebetudo
1035 3758 1179 3823 relinquen-

100 3830 271 3880 unnittelbar
299 3831 365 3880 nach
387 3829 481 3880 Ciisers
510 3827 615 3878 Ermer-
668 3825 1124 3894 commemorabantur
1136 3827 1178 3891 of-

103 3899 181 3963 dung,
217 3894 271 3946 Aul
289 3897 334 3948 das
352 3898 448 3948 demele
464 3897 562 3947 wieder
573 3910 615 3945 er·
668 3894 888 3960 flciommuaare.
907 3894 960 3944 div.
973 3893 1079 3946 iuCaee.
1093 3895 1175 3957 13,11
