2800 4506
185 178 246 270 198
344 197 349 214 ·’
476 204 519 254 nn
533 203 669 255 ornans
682 202 741 264 ma.
756 201 794 254 m.
814 202 886 254 cer.
905 204 929 256 o.
945 205 984 258 ro.

184 359 322 439 quidam,
338 359 463 420 minime
478 357 546 418 mali
562 358 605 419 illi
621 357 752 438 quidem,
768 357 820 418 sed
837 373 899 417 nou
915 356 989 418 satis
1004 357 1096 429 acuti,
1112 357 1212 423 fictam
1227 367 1257 418 et

184 444 425 506 commenticiam
445 443 574 503 tabulam
595 445 742 522 prolatam
765 442 869 502 dieunt
888 461 903 501 a
920 441 1058 513 Platone,
1081 441 1165 522 quasi
1186 462 1256 504 vero

183 530 233 591 ille
248 536 299 590 aut
313 529 425 590 lactum
441 529 471 590 id
487 547 554 589 esse
570 537 621 589 aut
636 528 699 588 lieri
715 527 849 606 potuisse
865 527 1014 587 defendat.
1045 526 1123 589 Haec
1143 536 1191 588 est
1211 528 1257 588 vis

184 615 275 682 huius
291 613 370 674 anuli
388 622 418 674 et
432 613 522 674 huius
537 612 679 691 exempli:
697 613 827 673 sinemo
843 611 982 686 sciturus,
998 630 1088 676 uerno
1103 629 1142 672 ne
1154 613 1257 691 suspi-

185 707 306 760 caturus
318 699 437 776 quidem
449 699 498 770 sit,
515 717 582 758 cum
594 697 703 776 aliquid
715 696 883 759 divitiarum
898 696 1059 775 potentiae,
1076 695 1259 758 dominatio·
1279 715 1296 764 5

184 887 305 948 semper
320 867 467 945 ignotum,
483 867 564 928 sisne
581 863 738 929 facturus?
753 867 869 944 Negant
885 867 915 927 id
931 866 994 926 lieri
1009 885 1108 944 posse.
1135 867 1256 946 Nequa-

184 972 273 1034 quam
289 961 390 1032 potest
404 954 434 1014 id
450 953 581 1032 quidem.
613 951 671 1013 Sed
688 970 809 1030 quaero,
826 952 904 1030 quod
920 958 1032 1029 negant
1051 970 1154 1030 posse,
1177 952 1207 1013 id
1231 952 1258 1012 si

183 1045 294 1118 posset,
311 1038 452 1117 quidnam
468 1033 625 1098 lacerent?
647 1037 781 1115 Urguent
795 1036 906 1096 rustice
922 1054 1003 1096 sane.
1033 1037 1148 1114 Negant
1171 1037 1254 1098 enim

184 1143 274 1202 posse
294 1131 325 1184 et
345 1123 376 1182 in
398 1142 434 1183 eo
454 1129 604 1201 perstant,
630 1122 687 1182 hoo
705 1121 830 1182 verbum
852 1121 923 1200 quid
947 1121 1041 1182 valeat
1061 1139 1124 1182 nou
1145 1122 1258 1184 vident.
1279 1131 1310 1181 10

184 1209 258 1270 Cum
273 1208 355 1269 enim
371 1210 555 1287 quaerimuS,
575 1207 601 1267 si
616 1207 710 1268 celare
732 1205 862 1285 possint,
885 1205 954 1285 quid
972 1206 1078 1268 lecturi
1094 1207 1168 1279 sint,
1191 1225 1255 1268 non

184 1294 370 1372 quaerimus,
392 1293 550 1371 possintne
571 1292 678 1362 celare,
699 1292 751 1352 sed
773 1298 925 1369 tamquam
940 1299 1090 1352 tormenta
1106 1293 1253 1370 quaedam

182 1379 373 1450 adhibemus,
384 1374 438 1450 ut,
455 1377 481 1437 si
495 1377 708 1455 responderint
723 1396 756 1437 se
770 1375 941 1454 inpunitate
955 1377 1106 1455 proposita
1122 1377 1255 1438 facturos

183 1464 262 1541 quod
279 1463 426 1541 expediat,
442 1462 624 1522 facinorosos
640 1481 671 1524 se
686 1481 751 1522 esse
770 1462 933 1530 fateantur,
955 1461 981 1522 si
1001 1469 1128 1540 negent,
1150 1463 1253 1524 omnia

182 1547 280 1625 turpia
295 1565 350 1625 per
365 1566 398 1608 se
412 1546 476 1625 ipsa
491 1547 629 1624 fugienda
646 1565 711 1608 esso
726 1546 900 1608 concedant.
932 1545 991 1606 Sed
1007 1546 1067 1607 iam
1083 1547 1118 1608 ad
1141 1566 1254 1626 propo·
1275 1559 1307 1610 15

181 1632 273 1693 situm
288 1640 484 1692 revertamur.

125 1702 164 1830 ἐξ
265 1716 405 1777 Incidunt
420 1717 530 1778 multae
545 1734 632 1794 saepe
648 1734 766 1786 causac,
782 1734 857 1794 quae
869 1714 1050 1778 conturbent
1060 1716 1178 1778 animos
1193 1717 1254 1778 uti·

181 1903 249 1950 gurg
270 1888 404 1938 desselben
427 1890 491 1938 auch
512 1904 560 1937 nur
581 1887 688 1937 iiussare
742 1887 797 1938 Den
811 1885 926 1936 Glauben
939 1902 969 1936 an
984 1887 1026 1937 die
1038 1887 1253 1952 Vorselrungund

182 1955 285 2006 Griinde
305 1957 357 2006 wie
374 1956 493 2008 Vortheil
514 1957 575 2006 oder
592 1955 689 2006 Furcht
743 1955 785 2004 dle
794 1955 874 2018 Serge
883 1954 1028 2006 derGo'ttor
1036 1953 1079 2004 liir
1088 1955 1252 2008 dicmenseh-

180 2040 230 2074 vor
241 2023 328 2074 Strato
347 2023 479 2076 ani‘dhren.
514 2024 586 2084 Diog.
599 2023 687 2074 Luert.
743 2022 1076 2092 lichentdngelegenheiten
1094 2025 1190 2075 undan
1209 2028 1252 2076 die

181 2091 208 2141 X
228 2094 271 2143 151
303 2087 319 2154 ἡ
344 2088 435 2145 ἀδικία
453 2085 486 2141 οὐ
503 2089 570 2142 καθ’
591 2089 690 2154 ἑαυτὴν
743 2090 941 2143 Allwissenheit
963 2089 1053 2142 Gottes
1077 2094 1177 2157 spricht
1199 2095 1251 2145 Cic.

181 2155 275 2218 κακόν,
295 2153 361 2210 ἀλλὰ
374 2159 403 2209 ἐν
415 2177 430 2210 τ
442 2161 453 2172 “
466 2153 533 2208 κατὰ
553 2153 604 2221 τὴν
620 2154 690 2208 ὑπο·
743 2164 810 2208 stets
831 2174 886 2219 uus,
906 2173 945 2206 wo
964 2175 992 2208 er
1009 2160 1082 2210 aeine
1095 2163 1185 2224 eigana
1198 2163 1252 2212 An-

183 2230 256 2300 utuu
265 2223 351 2294 φόβῳ,
371 2229 396 2278 εἰ
410 2246 449 2295 μη
463 2223 540 2290 λήσει
552 2221 623 2292 ὑπὲρ
635 2227 690 2276 τῶν
743 2227 811 2276 sicht
824 2226 957 2290 vortriigt:
972 2227 1002 2277 de
1016 2235 1067 2278 nat.
1082 2229 1152 2280 deor.
1164 2227 1175 2280 l
1188 2231 1213 2292 2,
1226 2231 1250 2283 3.

180 2310 311 2345 τοιουτων
338 2291 518 2362 ἐφεστηκότας
545 2287 688 2350 soluenda.
744 2294 775 2343 da
787 2293 899 2358 legll,
912 2294 997 2346 2l.de
1010 2295 1075 2346 lini
1091 2297 1130 2360 16,
1144 2297 1185 2347 51.
1205 2299 1251 2349 Ilia

246 2356 452 2484 ἢ
470 2382 486 2488 a
504 2363 690 2493 altaalta
742 2359 908 2494 latuit*
933 2364 978 2480 t:
1003 2363 1250 2484 titillaret·

454 2451 467 2482 ο
617 2449 620 2470 t
1206 2451 1251 2486 ue

180 2494 262 2564 τὸμὴ
275 2450 488 2568 βλιίπτεινμῗιδὲ
507 2495 686 2563 βλάπτεσθαι,
741 2513 896 2562 quemquem
930 2500 967 2550 ist
995 2499 1074 2549 dalrer
1102 2517 1134 2550 au
1165 2493 1252 2552 dieser

179 2567 321 2618 πιστεύειν
333 2562 377 2616 ὅτι
389 2569 474 2631 λήσει,
491 2561 543 2618 κᾶν
558 2559 688 2637 μυριάκις
741 2565 822 2615 Stelle
836 2581 876 2614 um
890 2582 917 2616 so
936 2568 1191 2632 wahrschcinlicher,
1211 2572 1251 2622 als

179 2633 227 2684 ἐπὶ
244 2635 293 2684 τοῦ
310 2631 447 2703 παρόντος
464 2631 597 2705 λανθάνῃ.
627 2634 687 2698 Vgl.
742 2633 793 2685 Cic.
815 2633 873 2684 lrier
891 2634 983 2684 keinen
998 2633 1087 2686 Grnnd
1107 2637 1179 2688 hatte
1201 2656 1251 2690 von

179 2700 254 2751 Luer.
270 2702 290 2753 V
307 2703 404 2754 moult.
741 2702 827 2752 seinor
843 2702 952 2752 Ansiolrt
969 2703 1123 2766 abzugelten.
1154 2706 1251 2758 Ueber·

217 2772 238 2820 1.
261 2773 366 2820 minime
377 2770 443 2819 mall
458 2769 497 2820 illi
514 2767 624 2832 quidem,
642 2767 688 2818 sed
742 2770 799 2820 dies
831 2767 933 2822 sordent
962 2771 1007 2820 der
1032 2771 1177 2836 Gogeusatz
1208 2775 1253 2825 sed

178 2852 229 2886 uon
241 2839 307 2886 aulis
321 2841 398 2886 acuti.
431 2837 483 2886 Den
501 2834 628 2886 Vorwurl
642 2838 687 2887 des
741 2851 834 2903 quaero
845 2836 874 2887 id
883 2841 908 2887 u·
918 2843 1038 2904 posset,
1055 2841 1115 2892 dass
1129 2843 1186 2892 eine
1198 2843 1250 2894 Ne·

178 2903 295 2967 Mangels
307 2920 339 2953 un
352 2904 501 2955 Scharlsinn
512 2905 564 2954 und
577 2904 687 2954 unWis·
742 2905 830 2969 gation
842 2907 892 2955 wie
909 2923 1072 2972 nequaquam
1089 2913 1172 2976 potest
1192 2928 1251 2961 vor-

178 2970 415 3023 seuachaltliclrlreit
426 2974 510 3022 uracht
519 2972 573 3024 Cic.
585 2973 612 3022 in
625 2973 687 3022 iln-
741 2975 857 3036 ausgeht.

179 3040 260 3090 lichen
274 3039 363 3090 Weise
378 3042 433 3090 dom
447 3041 545 3107 lipikur
565 3043 617 3090 und
636 3041 687 3091 sei·
776 3041 799 3090 9.
841 3046 953 3107 urguent
981 3046 1078 3094 rustice
1107 3061 1183 3109 ιαιιο,
1213 3049 1250 3098 sie

179 3123 228 3157 nen
240 3108 392 3172 Anh'dngeru
410 3108 505 3162 listers:
527 3107 625 3159 Tusci
643 3110 685 3172 21,
740 3109 840 3160 hlaiben
860 3111 1012 3174 hertuiclrig
1030 3112 1074 3162 bei
1092 3112 1163 3164 ihrer
1181 3117 1249 3165 Aus-

177 3176 210 3226 48
237 3191 273 3226 ιω
298 3192 346 3232 quo
373 3177 488 3244 tutelloffl
509 3181 592 3244 potest
608 3192 686 3241 quum
740 3192 809 3241 suge.
839 3181 932 3228 rutum
952 3181 1021 3229 steht
1041 3180 1092 3228 wie
1113 3179 1251 3250 ἀγροίκως

177 3246 248 3293 acuti
269 3249 363 3296 nmura
389 3249 451 3307 sciat,
478 3247 600 3311 quonium
624 3246 686 3294 liaeo
740 3242 784 3295 fiir
796 3240 922 3312 ἀμαθῶς,
934 3237 1068 3312 ἀμούσως.

176 3314 232 3360 siue
248 3311 366 3364 doctriua
377 3314 502 3365 eoduma·
518 3314 634 3377 fuerunt.
660 3313 686 3362 in
774 3315 820 3363 ltoc
832 3315 944 3377 cardum,
953 3316 1038 3365 dieser
1047 3317 1210 3382 Ansspruolr3
1222 3319 1248 3368 in

177 3379 229 3429 Pis.
248 3380 289 3444 29,
309 3383 341 3432 70
361 3398 413 3432 uon
431 3380 686 3449 pauca-optimatum
740 3380 835 3430 diesem
854 3382 932 3432 Sinne
946 3385 1020 3446 ¹stelit
1040 3385 1145 3436 terbum
1165 3386 1250 3450 hiiulig

176 3446 308 3498 sedetiam
321 3453 410 3500 veteru
420 3450 525 3510 studiis,
546 3464 609 3512 queue
622 3449 686 3514 sera
739 3447 780 3498 bei
794 3449 901 3514 Plautus
913 3452 964 3500 und
976 3450 1084 3502 Terenz.

176 3515 314 3580 Epiutreoa
330 3518 466 3583 neglegere
480 3517 577 3578 dicuat,
593 3531 685 3581 perpe·
775 3518 814 3568 14.
827 3517 893 3582 quod
902 3518 1030 3586 asperitat,
1041 3521 1106 3572 alles
1116 3536 1171 3571 wts
1180 3521 1249 3572 Vor-

177 3582 246 3632 lituc.
273 3585 304 3634 de
319 3585 360 3635 lin.
375 3584 396 3636 ll
409 3585 450 3645 25,
463 3585 496 3634 80
513 3583 559 3634 sed
569 3586 685 3647 quumvis
738 3584 803 3635 theil
825 3585 920 3649 bringt‚
942 3603 999 3651 mag
1018 3603 1045 3636 es
1063 3591 1127 3640 euch
1143 3589 1191 3640 mit
1204 3592 1249 3641 der

176 3653 258 3701 comis
269 3652 416 3718 (Epicurus)
435 3657 462 3704 in
478 3655 571 3702 amuis
584 3651 684 3702 tuendis
738 3651 843 3716 Tugend
853 3654 924 3704 nicht
936 3656 1170 3708 iibereiostimmen.
1192 3659 1246 3710 Cie.

168 3720 265 3783 sam,
289 3725 372 3770 tamen
395 3751 418 3760 -
437 3736 487 3772 nou
505 3722 572 3773 satis
595 3723 685 3770 acutus
738 3721 845 3771 brancht
865 3721 1018 3776 absichtlicla
1035 3725 1105 3774 nicht
1119 3726 1167 3775 den
1181 3725 1247 3776 Aus-

175 3787 239 3850 fuit.
738 3789 892 3840 druekadt'le
903 3793 946 3840 cit.

212 3854 235 3902 'l.
254 3849 420 3918 Nequaquam
432 3858 517 3920 potest
532 3853 563 3920 id
572 3853 682 3919 quidem.
774 3858 813 3912 17.
831 3857 961 3909 incidunt.
991 3860 1048 3912 Von
1065 3860 1122 3918 hier
1136 3861 1167 3910 ab
1180 3862 1246 3912 wind
