2800 4506
242 243 303 304 176
521 239 564 288 llll
578 237 713 290 orrlclls
725 237 784 288 LlB.
797 236 826 290 ll.
862 237 932 289 cti.
946 239 988 290 st.
1001 239 1041 290 25.

241 397 277 456 de
293 396 461 457 collocanda
477 394 619 473 pecunia,
646 394 750 455 vellem
773 393 861 454 etiam
885 394 921 453 de
944 393 1066 463 utenda,
1093 393 1303 454 commodiusa

243 481 419 561 quibusdam
437 481 566 558 optumis
582 479 652 540 viris
668 481 706 540 ad
720 481 824 539 lanum
841 479 971 540 medium
984 478 1158 540 sedentibus
1170 497 1257 558 mam
1272 479 1305 538 ab

242 567 312 627 ullis
327 565 510 644 philosophis
531 565 589 625 ulla
610 565 641 625 in
664 564 763 624 schola
780 563 956 642 disputatur.
1002 563 1080 624 Sunt
1095 572 1194 624 tamen
1210 583 1243 624 ee
1259 584 1303 624 eo-

242 652 411 729 gnoscenda
422 669 428 710 :
441 651 594 729 pertinent
606 651 686 710 enim
701 650 737 709 ad
749 649 917 722 utilitatem,
932 651 968 710 de
981 667 1038 729 qua
1050 650 1108 710 hoe
1119 649 1196 710 libro
1209 649 1304 728 dispu-

244 746 339 798 tatum
356 746 410 796 est.
427 735 442 766 *
1320 745 1331 791 5

186 819 225 873 ²5
326 822 381 882 Sed
399 820 559 882 utilitatum
572 819 764 898 comparatio,
782 820 921 898 quoniam
938 819 987 880 lrie
1001 820 1084 880 loeus
1101 828 1167 880 erat
1179 827 1305 898 quartus,

190 896 222 947 ⁸⁸
244 927 259 968 a
275 905 415 968 Panaetio
431 906 666 985 praetermissus,
682 923 768 982 saepe
785 912 830 966 est
841 905 1019 966 necessaria.
1041 904 1113 964 Nam
1133 912 1162 964 et
1179 905 1304 983 eorporis

243 993 399 1054 commoda
414 1010 481 1051 cum
496 991 626 1052 externis
643 993 683 1068 [et
698 999 819 1050 externa
832 1009 898 1050 oum
915 991 1057 1069 eorporis]
1069 998 1100 1050 et
1112 990 1176 1069 ipsa
1189 991 1267 1051 inter
1278 1008 1304 1049 se

243 1077 384 1156 eorporis„
392 1085 421 1138 et
441 1085 561 1137 externe
577 1095 644 1137 euro
662 1073 791 1136 externis
808 1077 974 1154 comparari
989 1075 1093 1136 solent.
1125 1075 1202 1136 Cum
1216 1085 1305 1137 exter·

243 1164 290 1224 nis
306 1163 438 1241 eorporis
457 1163 515 1222 hoe
529 1162 618 1222 modo
635 1167 852 1239 comparantur,
866 1161 961 1223 valere
975 1170 1009 1222 ut
1024 1160 1109 1220 malis
1125 1179 1217 1239 quam
1234 1161 1304 1220 dives
1320 1168 1341 1218 lt

244 1268 323 1310 esse:
347 1252 423 1324 [eum
440 1246 572 1325 eorporis
588 1255 708 1307 externa
724 1247 782 1306 hoe
797 1246 902 1318 modo,
927 1246 1008 1306 dives
1025 1265 1090 1306 esse
1105 1245 1207 1325 potius
1224 1265 1303 1326 quam

243 1332 389 1394 maxumis
401 1332 534 1410 eorporis
547 1331 681 1406 virilium]
698 1331 761 1410 ipsa
773 1331 851 1390 iuter
863 1350 894 1392 se
907 1331 1040 1409 eorporis
1055 1331 1106 1404 sie,
1116 1339 1150 1391 ut
1165 1331 1247 1392 bona
1262 1350 1305 1390 va·

243 1419 343 1480 letudo
359 1417 501 1494 voluptati
513 1423 720 1495 anteponatur,
735 1415 811 1476 vires
824 1416 981 1477 celeritati:
997 1424 1191 1478 externorum
1201 1425 1304 1484 autem,

192 1510 224 1558 89
243 1511 276 1564 ut
288 1503 378 1582 gloria
395 1501 512 1573 divitiis,
526 1502 676 1580 vectigalia
692 1502 804 1564 urbana
819 1501 947 1563 rusticis.
971 1501 1014 1562 Ex
1031 1520 1089 1580 quo
1102 1520 1212 1580 genere
1231 1521 1305 1564 eom·

244 1664 298 1708 esst
316 1656 399 1718 Unger
420 1657 466 1706 mit
487 1656 567 1706 lleoht
583 1656 641 1706 hier
660 1655 748 1706 seinen
801 1656 898 1706 hatten.
924 1655 949 1704 S.
964 1653 1091 1705 lleindori
1100 1671 1132 1704 zu
1145 1654 1207 1706 llor.
1230 1663 1275 1705 est.
1286 1652 1303 1704 ll
1370 1667 1371 1672 ’

244 1726 317 1776 Platz
339 1725 512 1788 sogewiesen,
536 1725 657 1774 wilrend
677 1739 706 1774 er
724 1725 748 1773 iu
803 1725 873 1787 3,18
890 1728 1026 1790 postquam
1042 1727 1125 1773 munis
1143 1740 1188 1774 res
1199 1723 1305 1773 mesia-

245 1795 290 1844 deu
305 1793 379 1844 lldss.
400 1809 438 1842 sm
451 1793 521 1842 Eode
541 1793 586 1842 des
604 1793 683 1842 Buelrs
701 1808 750 1842 vor
806 1807 870 1842 num
880 1791 925 1841 Ad
934 1791 1048 1842 medium
1056 1794 1155 1856 frasta
1166 1795 1210 1856 est,
1230 1791 1304 1841 aliem

243 1862 350 1927 Reliqua
357 1864 472 1928 deinceps
480 1876 661 1929 persequemur·
671 1862 748 1912 steht.
802 1864 903 1926 negotia
915 1875 985 1911 euro.
1010 1861 1043 1910 id.
1057 1875 1095 1926 ep.
1110 1859 1119 1910 l
1134 1861 1157 1923 1,
1175 1861 1208 1909 53
1226 1857 1304 1924 ‘quse

244 1932 295 1981 Der
308 1931 545 1981 Sstzlrandeltvon
559 1931 613 1980 dem
626 1929 748 1980 llrwerbe
802 1928 882 1980 reuda
896 1931 1007 1996 possessis
1020 1931 1192 1995 ponemus,
1216 1928 1305 1978 Virtus
1357 1939 1361 1991 j

244 1997 750 2061 desGeldessnsich,gel1iirtslsohier-
801 2003 856 2064 post
871 1996 1006 2060 uumows',
1023 1997 1084 2046 haee
1096 1997 1178 2047 lanus
1194 2012 1306 2047 summus
1356 2031 1360 2043 .

244 2071 299 2132 her,
320 2084 351 2117 un
362 2069 436 2132 jener
450 2066 532 2116 Stelle
549 2073 620 2131 posst
633 2081 662 2116 er
680 2066 749 2116 nicht
803 2065 838 2116 ud
849 2069 930 2117 imum
942 2065 1070 2116 Perdooet.

245 2137 272 2187 in
291 2136 337 2185 den
356 2136 571 2196 Zusummenlsong
593 2135 643 2183 und
661 2134 748 2183 wiirde
838 2135 861 2185 8.
889 2139 912 2184 si
934 2138 1043 2184 esterna
1065 2149 1086 2183 e.
1105 2135 1226 2201 eorporis.
1261 2132 1305 2181 Der

245 2205 335 2267 uellet,
347 2205 436 2254 wollte
453 2218 509 2252 man
525 2205 634 2270 perusia
646 2203 672 2252 in
685 2203 749 2252 wei·
803 2203 863 2253 Sstz
876 2203 975 2254 enthdlt
991 2203 1047 2252 eine
1063 2202 1178 2264 niolitige
1191 2201 1306 2252 Tantulo·

245 2282 327 2323 terem
340 2271 418 2322 Sinne
430 2269 524 2335 fassen,
538 2272 592 2321 dem
606 2273 747 2332 vorherge-
803 2271 844 2334 gio
862 2273 911 2322 und
931 2271 984 2324 Cio.
1001 2273 1072 2321 hiitte
1092 2271 1134 2320 die
1152 2267 1304 2320 einiaehsten

244 2341 341 2390 henden
367 2345 432 2390 seete
453 2341 498 2390 isos
521 2339 668 2390 adiuooium
697 2355 751 2389 esse
804 2339 913 2391 Gesetze
936 2341 982 2390 der
993 2339 1075 2402 Logilr
1095 2339 1303 2400 vernsehliissigt,

245 2409 643 2475 quartumeet.widerspreeheu.
657 2407 750 2459 Ueber-
804 2409 874 2460 hiitte
901 2424 930 2458 er
956 2408 1044 2458 diesen
1067 2406 1163 2458 Zusstz
1188 2407 1304 2471 gemacht.

244 2475 751 2529 diesschliessensiehdieWorteeom·
804 2476 913 2528 Deshslb
946 2492 1015 2526 mnes
1036 2478 1100 2526 aueh
1123 2477 1169 2525 das
1195 2474 1304 2537 folgende

243 2547 345 2597 modius
368 2562 443 2612 mom
466 2547 498 2595 ad
521 2545 579 2596 uilis
597 2544 752 2612 philosophis
804 2545 915 2612 Beippiel
927 2559 985 2594 sum
996 2546 1110 2611 eorporis
1126 2548 1179 2594 sset.
1199 2543 1242 2594 l'sir
1258 2544 1305 2593 eio-

244 2614 296 2667 ulla
307 2617 334 2664 iu
346 2615 432 2666 sedula
443 2614 592 2679 disputatur
602 2614 695 2663 ebenso
708 2627 751 2676 ge·
804 2614 1096 2679 geschobenungesehen
1104 2613 1220 2676 werden,
1230 2610 1303 2662 werin

245 2700 293 2734 nau
324 2699 354 2732 sn
385 2681 586 2733 commodissime
615 2680 751 2748 Xenophon
804 2683 961 2747 wenigstens
974 2682 1019 2730 der
1033 2681 1306 2731 Ausdruelrmaaeumis

244 2752 390 2803 Socraticus
401 2767 442 2811 sn,
459 2750 508 2797 wie
521 2765 560 2798 sm
574 2748 693 2799 Sohlusse
706 2749 751 2800 des
805 2753 916 2817 eorporis
933 2751 1043 2811 uiribus,
1065 2749 1110 2800 der
1130 2757 1200 2800 etwu
1216 2747 1303 2798 ‘stile-

244 2819 341 2869 Buohes
362 2817 465 2883 Reliqua
486 2816 601 2884 deinceps
618 2832 751 2884 perseque-
804 2820 885 2870 tisehe
898 2813 1088 2884 lliirperlrriiite'
1111 2818 1238 2868 bedenten
1255 2814 1305 2873 soll,

244 2901 303 2937 mur
320 2901 351 2935 an
368 2886 413 2935 doe
432 2885 580 2935 adiunctum
600 2901 654 2934 esse
673 2901 751 2950 quar·
805 2887 972 2951 ungesohiekt
983 2887 1063 2949 wilre,
1080 2900 1155 2936 wenn
1175 2886 1232 2936 sloh
1249 2883 1306 2935 such

245 2961 299 3005 tum
310 2984 325 2990 -
337 2969 429 3018 genus.
444 2952 751 3004 lierdbsohreiberhstte
806 2973 838 3006 zu
849 2955 918 3006 dives
935 2971 991 3006 esse
1006 2957 1094 3022 potius
1111 2970 1157 3005 sus
1176 2955 1234 3004 dem
1251 2969 1305 3003 vor·

244 3039 295 3072 son
308 3021 390 3071 einero
402 3021 447 3072 sed
457 3037 514 3072 zum
526 3021 620 3072 andern
630 3023 751 3073 shirreod
805 3025 978 3088 hergelrenden
998 3023 1074 3072 malas
1092 3023 1172 3073 leieht
1191 3021 1254 3073 uelis
1270 3036 1305 3070 er·
1368 3025 1369 3028 ’

245 3091 285 3142 die
298 3090 392 3140 Worte
404 3091 576 3153 uusgelsssem
590 3090 631 3141 die
643 3091 709 3141 daun
720 3107 751 3140 sn
806 3094 902 3157 giinzeu
916 3093 989 3142 liisst.

245 3158 357 3211 iulselrer
383 3159 464 3210 Stelle
493 3159 589 3210 wieder
618 3158 753 3224 eingeliigt
843 3161 880 3210 13.
899 3164 1168 3211 eutemorumauiem.
1192 3159 1306 3209 Diacon-

245 3229 358 3278 wurden.
806 3229 932 3280 struction
951 3228 987 3278 ist
1004 3228 1211 3288 unskoluthiseh,
1230 3227 1304 3277 isdem

281 3300 303 3350 1.
324 3296 413 3346 vollem
430 3300 506 3347 mium
526 3295 556 3346 de
573 3294 674 3346 utendo.
700 3296 751 3345 Der
805 3313 861 3347 mss
875 3298 1064 3348 snslsoemodo
1080 3300 1265 3364 oosrsparaatur
1279 3307 1305 3341 zu

246 3366 362 3417 Wunseh
373 3366 419 3415 mit
428 3365 522 3426 oetion,
536 3363 751 3428 dsssjeneLeute
806 3367 931 3428 ergiinzen
951 3367 995 3416 hat
1015 3368 1076 3416 liaeo
1096 3369 1133 3415 ssi
1151 3364 1305 3430 omnpsrstio.

247 3436 311 3484 auch
329 3434 392 3485 iiber
405 3436 451 3484 den
466 3431 602 3484 Gobrsueh
620 3433 662 3482 die
679 3433 751 3482 trell-
804 3434 830 3484 S.
844 3450 875 3484 zu
888 3433 903 3499 ξ
917 3435 958 3485 84.

244 3504 354 3554 liehsten
376 3502 552 3553 Vorsehril'ten
574 3502 652 3564 geben
670 3501 751 3552 kdnn·
842 3503 880 3554 14.
893 3503 1028 3569 vestigatio
1039 3504 1147 3562 urbana,
1158 3499 1305 3550 Einnshnen

244 3580 297 3635 teu,
316 3570 408 3622 driiekt
426 3571 542 3634 zugleioh
563 3585 617 3633 sus,
635 3570 694 3620 dass
713 3571 751 3620 sie
805 3566 1305 3632 unsvermiethetenll'tiusern,Fsbrilen

246 3655 273 3690 es
287 3640 357 3690 nicht
369 3640 476 3689 liinoen.
806 3638 867 3688 oder
877 3638 1100 3690 koulmiinniselren
1108 3638 1307 3704 Speculutiooeu,

280 3707 305 3756 2.
323 3710 436 3774 optumis
448 3709 523 3758 viris:
537 3705 547 3756 l
559 3705 574 3771 ξ
588 3707 627 3756 20.
805 3707 857 3757 wie
870 3709 908 3759 sie
921 3709 1018 3760 damols
1030 3709 1094 3760 uuelr
1103 3707 1185 3757 Lente
1199 3704 1306 3756 eusdem
1367 3715 1368 3740 r

279 3774 374 3825 lanum
389 3775 513 3838 medium,
541 3776 587 3825 den
607 3775 750 3825 mittelsten
805 3777 1094 3829 vornelrmstenStande
1112 3775 1178 3825 offen
1193 3776 1307 3824 oderun-

246 3843 293 3893 der
311 3843 366 3892 drei
384 3842 549 3907 liurehginge
575 3843 751 3906 zoororum,
805 3852 847 3894 ter
864 3847 910 3898 der
928 3847 998 3897 llsnd
1018 3845 1159 3898 betrieben.
1190 3843 1216 3893 S.
1234 3859 1254 3892 a.
1272 3837 1306 3899 l§

247 3911 273 3959 in
298 3911 353 3958 dem
375 3911 416 3960 die
435 3909 571 3962 Weohsler
594 3911 647 3960 ihre
666 3911 751 3962 Buden
808 3913 864 3966 151.
889 3915 957 3968 Plut.
971 3913 1056 3965 Crass.
1070 3915 1094 3966 2.
1107 3912 1171 3978 Nep.
1185 3910 1263 3962 Attis.
1280 3909 1306 3961 ll
