2800 4506
233 220 295 283 224
540 219 583 270 DE
597 217 733 270 obntclts
745 218 805 270 ΗΒ.
819 216 858 270 tlt.
886 219 958 273 CAP.
973 220 1014 274 tt.

233 373 433 454 concupiverit
443 374 532 453 idque
544 371 714 453 perfecerit!
731 374 812 436 Hanc
823 374 1014 453 cupiditatem
1026 377 1051 438 si
1063 378 1223 440 honestam
1235 380 1300 458 quis

233 477 299 520 esse
315 460 398 532 dicit,
413 477 516 521 amens
533 466 592 532 est,·
608 459 714 538 probat
729 459 808 521 enim
824 460 923 536 legum
939 469 969 521 et
988 461 1132 524 libertatis
1147 464 1302 526 interitum

234 563 393 624 earumque
405 544 630 624 oppressionem
643 553 767 606 taetram
781 551 810 606 et
822 544 1026 608 detestabilem
1036 547 1196 625 gloriosam
1209 558 1302 629 putat.

234 629 291 702 Qui
307 639 405 692 autem
421 635 531 694 latetur
545 630 705 692 honestum
718 647 779 691 non
792 649 856 691 esse
870 630 903 692 in
919 651 953 692 ea
968 632 1099 704 civitate,
1122 653 1199 713 quae
1213 635 1304 696 libem

233 714 324 774 luerit
338 735 475 796 quaeque
490 736 554 778 esse
570 715 685 788 debeat,
700 733 834 794 regnare,
850 717 902 778 sed
919 717 954 787 ei,
975 718 1026 797 qui
1041 718 1070 778 id
1085 721 1181 780 lacere
1197 721 1300 799 possit,
1318 729 1330 776 5

235 818 299 862 esse
314 801 395 874 utile,
410 821 468 882 qua
483 803 563 862 hunc
575 801 780 880 obiurgatione
793 808 844 862 aut
859 821 918 881 quc
931 803 1031 881 potius
1042 804 1169 865 convitio
1186 824 1203 865 a
1219 813 1302 866 tanto

235 904 336 948 errore
352 905 442 950 coner
453 883 599 950 avellere?
615 887 719 948 Potest
730 886 820 961 enim,
833 886 862 947 di
873 886 1069 950 immortales!
1086 890 1227 969 cuiquam
1240 910 1303 952 esse

234 973 305 1032 utile
321 972 524 1034 foedissimum
540 979 570 1034 et
590 971 794 1034 taeterrimum
814 973 1003 1052 parricidium
1021 974 1143 1052 patriae,
1167 977 1304 1054 quamvis
1372 1043 1373 1062 χ

234 1056 269 1130 is,
285 1057 377 1138 quise
390 1079 424 1119 ec
437 1057 638 1130 obstrinxerit,
650 1058 686 1119 ab
699 1057 847 1136 oppressis
859 1058 971 1120 civibus
983 1059 1093 1122 Parens
1106 1058 1304 1122 nominetur?
1372 1081 1373 1090 ¹

235 1142 400 1206 Honestate
415 1145 504 1223 igitur
520 1143 670 1232 dirigenda
685 1143 797 1204 utilitas
810 1151 897 1204 estet
909 1144 1031 1223 quidem
1043 1145 1095 1216 sic,
1111 1156 1146 1206 ut
1156 1147 1234 1208 baec
1246 1148 1304 1208 duo
1322 1151 1346 1200 tc

184 1235 217 1286 at
236 1230 325 1290 verbo
337 1228 416 1290 inter
427 1249 460 1292 se
470 1230 649 1308 discrepare,
661 1247 692 1290 re
707 1246 799 1290 unum
812 1247 921 1290 sonare
935 1230 1101 1292 videantur.
1125 1231 1196 1292 Non
1207 1231 1304 1294 habeo

235 1315 272 1376 ad
288 1314 364 1392 volgi
379 1315 550 1394 opinionem
562 1333 637 1394 quae
654 1314 748 1375 maior
763 1313 874 1376 utilitas
890 1334 979 1394 quam
991 1317 1136 1395 regnandi
1152 1336 1219 1378 esse
1234 1336 1306 1398 pos·
1373 1348 1374 1394 i

236 1400 282 1471 sit,
299 1399 371 1460 nihil
383 1409 485 1461 contra
497 1399 633 1460 inutilius
645 1397 682 1467 ei,
693 1399 745 1478 qui
756 1399 788 1460 id
798 1399 908 1462 iniuste
921 1410 1099 1463 consecutus
1111 1401 1160 1472 sit,
1173 1402 1304 1476 invenio,
1373 1401 1374 1404 ’

237 1484 355 1546 eumad
373 1484 527 1547 veritatem
543 1484 627 1562 coepi
642 1502 781 1545 revocare
796 1485 953 1548 rationem.
986 1486 1114 1548 Possunt
1136 1488 1219 1548 enim
1242 1489 1303 1550 oui-

237 1588 327 1648 quam
345 1588 409 1630 esse
428 1571 511 1632 utiles
527 1587 666 1648 angores,
682 1569 906 1641 sollicitudines,
922 1571 1023 1632 diurni
1037 1580 1065 1634 et
1081 1574 1222 1635 nocturni
1239 1592 1303 1636 me·
1322 1578 1346 1628 15

236 1663 294 1726 tue,
311 1653 370 1716 vita
386 1654 560 1724 insidiarum
575 1655 835 1735 periculorumque
852 1653 1049 1736 plenissima?

372 1739 459 1802 Multi
471 1745 562 1822 miqui
575 1751 657 1822 etque
678 1741 805 1820 infideles
819 1743 915 1821 ripae,
928 1745 1016 1822 pauci
1030 1742 1164 1816 linteoli,

236 1824 334 1904 inquit
354 1825 470 1888 Accius.
507 1827 545 1887 tt
560 1827 607 1888 cui
629 1821 746 1904 regno?
769 1828 848 1905 quod
864 1846 881 1888 a
896 1827 1019 1888 Tantalo
1035 1835 1065 1887 et
1079 1827 1188 1907 Pelope
1202 1829 1304 1908 prodi·
1374 1806 1375 1882 l

237 1919 301 1974 tum
317 1913 383 1974 iure
398 1912 596 1993 optinebatur.
630 1911 704 1972 Nam
721 1922 833 1991 quanto
849 1913 940 1991 pluris
957 1912 984 1973 ei
998 1912 1058 1990 regi
1075 1921 1173 1992 putas,
1189 1914 1242 1993 qui
1254 1934 1304 1976 ex-

238 1997 333 2058 ercitu
345 1998 447 2079 populi
458 1997 587 2058 Romani
599 1997 741 2075 populum
757 1997 857 2076 ipsum
869 1998 1037 2059 Romanum
1050 1999 1250 2077 oppressisset
1264 2000 1305 2060 ci·
1321 1999 1346 2051 ²⁰

238 2083 420 2163 vitalemque
436 2101 497 2144 non
512 2083 602 2143 modo
618 2081 754 2156 liberam,
775 2082 827 2143 sed
844 2082 932 2143 etiam
947 2083 1086 2161 gentibus
1106 2084 1305 2162 imperantem

188 2179 220 2231 85
238 2169 351 2230 servire
366 2168 423 2230 sibi
438 2163 607 2246 coegisset?
623 2167 709 2227 Hunc
723 2175 757 2228 tu
773 2186 846 2248 quas
859 2168 1057 2229 conscientiae
1068 2168 1149 2231 labes
1161 2169 1194 2229 in
1206 2170 1305 2231 auimo

272 2281 297 2330 9.
324 2281 431 2332 Parcus.
455 2279 548 2330 Diesen
568 2277 638 2329 Titel
651 2277 746 2329 erhiett
798 2280 873 2330 Hdss.
891 2278 971 2329 baben
988 2279 1067 2344 petet
1083 2278 1144 2328 boni
1163 2283 1236 2342 suet,
1254 2295 1306 2329 wo-
1375 2264 1376 2352 l

239 2348 334 2398 Caesar
347 2349 411 2398 nach
420 2348 465 2399 der
471 2347 592 2398 Scblucht
601 2345 642 2398 bei
652 2346 745 2397 blundo
799 2348 878 2398 durch
889 2346 1008 2397 dervers
1019 2349 1132 2396 zerstdrt
1143 2347 1226 2398 wird.'
1237 2347 1307 2398 Aucti
1375 2355 1376 2408 l

239 2417 289 2466 toa
322 2418 389 2481 (45),
428 2433 460 2466 zu
491 2417 597 2467 Ciceros
630 2430 745 2478 grossem
799 2413 1306 2481 pesstbont’wederdemSinnenchzu
1375 2445 1376 2450 =

238 2485 381 2548 Scbmerze,
393 2485 562 2536 dessenStolz
572 2499 599 2534 es
612 2498 676 2545 war,
685 2485 744 2534 dass
800 2485 854 2534 dem
882 2482 1041 2546 Gegensatze
1067 2482 1183 2546 difidetes
1217 2499 1306 2551 regno,

238 2568 267 2603 er
277 2555 362 2606 diesen
374 2553 444 2604 Titel
453 2554 533 2606 allein
542 2553 592 2602 und
605 2559 693 2602 zuerst
702 2552 745 2602 be-
799 2553 864 2602 noch
876 2553 922 2602 der
934 2551 1115 2602 Constructiou
1134 2552 1200 2604 nach
1217 2567 1252 2604 zu
1268 2555 1309 2602 cul

238 2623 353 2674 hominen
367 2625 445 2674 hatte.
469 2619 745 2674 NaohCaesarsTode
799 2623 937 2687 reguo-et
947 2621 1012 2684 regi.
1043 2617 1169 2668 DerSinn
1187 2621 1307 2684 verlangt

237 2691 300 2742 liess
320 2692 448 2742 Antonius
470 2696 547 2740 unter
567 2689 638 2739 selue
655 2689 745 2739 Statue
799 2689 840 2740 ein
853 2689 900 2740 mit
912 2688 967 2738 dem
979 2687 1057 2737 Detiv
1069 2703 1102 2737 aa
1118 2689 1307 2739 verbindeudes

238 2758 284 2808 aul
299 2760 354 2810 dein
372 2757 466 2809 Forum
478 2757 519 2806 die
533 2755 626 2807 Worte
643 2759 747 2821 parenti
798 2757 934 2822 adjectiv,
952 2755 1007 2806 also
1030 2755 1152 2819 benevoli,
1176 2773 1232 2808 was
1252 2759 1307 2809 eine

237 2828 330 2894 optime
348 2829 439 2876 mei-tte
460 2833 547 2875 setzen
569 2825 610 2886 (ad
627 2821 684 2873 lem.
698 2823 745 2874 Xll
798 2825 859 2876 ilde.
879 2825 967 2875 bietet.
980 2852 1013 2860 -
1032 2824 1082 2874 Iler
1102 2824 1167 2875 Vero
1187 2825 1224 2877 ist
1244 2826 1309 2877 viel·

238 2893 273 2955 3),
288 2893 337 2943 und
347 2893 468 2944 dasVolk
477 2891 617 2942 errichtete
627 2892 678 2941 ihm
687 2892 744 2943 eine
798 2893 878 2944 leieht
887 2909 933 2944 eus
942 2893 1030 2944 Attius
1039 2893 1179 2956 Aegisthus
1193 2901 1308 2944 entnom·

238 2961 271 3010 ³0
284 2959 425 3012 Fusshobe
437 2960 621 3011 Marmor-sinte
641 2961 688 3010 mit
699 2961 746 3010 der
800 2977 868 3023 uren,
887 2963 937 3012 wie
955 2977 1009 3012 mou
1029 2975 1075 3011 aus
1094 2961 1141 3010 deu
1162 2960 1276 3013 Wcrten
1292 2979 1309 3012 o

236 3026 383 3082 nutsenrttt
403 3032 507 3098 parenti
528 3031 643 3096 potuim
674 3029 744 3080 Suet
804 3029 1307 3097 TantaloetPelopeproditumschlies·

238 3100 290 3151 div.
302 3098 348 3150 lul.
363 3101 404 3151 76.
800 3115 845 3150 een
857 3100 931 3149 kann.
956 3099 1015 3162 Vgl.
1027 3098 1037 3148 l
1049 3097 1065 3163 ᾖ
1078 3097 1119 3148 97.

275 3170 313 3220 ῙῙ·
335 3181 529 3230 “mummi
547 3165 745 3230 ssl⁰i⁰ffli⁰⁸⁰”·
838 3203 875 3253 18.
888 3200 1310 3270 proditum,d.i.durchl⁴2rbsehast

238 3235 262 3285 d.
279 3237 297 3287 i.
317 3238 417 3299 gleiclie
434 3236 580 3298 Bedeutung
597 3234 692 3294 haben3
715 3235 745 3284 de
801 3269 953 3320 fiberliefm

238 3305 280 3354 fin.
292 3304 314 3355 ll
326 3306 350 3367 2,
363 3307 379 3356 o
390 3321 442 3356 ncta
458 3302 604 3369 intellegere
615 3303 746 3354 &tadum
955 3309 960 3319 '

238 3373 300 3439 quid
314 3379 385 3426 senet
400 3376 462 3424 haec
478 3388 530 3423 vom
551 3370 701 3438 uoluptatis,
718 3372 748 3424 e’d
838 3371 868 3420 19
897 3367 1179 3435 Nampumtlcplures:
1201 3370 1248 3420 der
1260 3369 1310 3422 Ge-

239 3445 278 3491 eet
298 3439 363 3507 guae
384 3457 427 3493 res
444 3443 504 3492 duic
520 3443 576 3492 oeci
594 3441 744 3491 metetur.
800 3439 1112 3501 dankengengistdicscr:
1125 3439 1310 3504 atcuiregnol

238 3509 560 3580 DerTropqsunumsou.
577 3507 614 3559 ist
629 3508 687 3558 bier
702 3509 746 3559 ab·
800 3506 867 3574 quood
884 3537 905 3544 -
922 3509 979 3556 tere
1001 3507 1161 3556 ottonum.
1200 3507 1238 3556 At
1259 3506 1311 3556 alla

239 3579 492 3639 sichttiehrrewthtt,
509 3577 745 3629 weilerdemeer·
801 3577 1053 3640 mregntemea
1069 3577 1115 3624 est.
1148 3571 1218 3624 Nam
1235 3589 1311 3626 etcer-

239 3647 268 3696 do
284 3646 429 3715 discrepare
446 3646 601 3711 eruptioni,
619 3645 665 3696 das
683 3648 748 3697 euch
793 3648 851 3696 ente
863 3641 951 3710 populi
961 3641 1073 3693 notiam·
1086 3642 1212 3709 populum
1224 3645 1311 3711 ipsum

240 3715 746 3779 cigentlicheomlonegebruuchtwird.
801 3711 943 3764 nemnem
954 3713 1089 3778 oppressit.
1115 3708 1214 3772 deamo
1226 3714 1311 3776 igitur

276 3783 747 3836 15.neetur.metus:iiberdeuPlurel
800 3782 887 3850 ptores
904 3783 929 3830 ci
948 3782 1009 3845 regi
1028 3781 1129 3844 t'm'puoe
1151 3783 1176 3829 et
1199 3779 1310 3846 ihfideles

240 3850 404 3916 sz.l§tt.
801 3851 896 3918 petes?
924 3847 1051 3898 nenium
1070 3849 1104 3898 ist
1121 3863 1182 3897 num
1201 3847 1222 3899 ll
1241 3849 1259 3912 ξ
1277 3848 1309 3898 li

278 3920 316 3970 ll.
345 3923 424 3985 putica·
439 3919 555 3970 meent
592 3920 639 3972 Die
657 3921 746 3972 hesteri
802 3917 949 3984 gebreuebt.
