2768 4506
229 219 268 278 72
536 215 835 268 securisumus
863 215 935 268 our.
950 217 991 270 21.

227 370 362 450 impediti
377 389 392 432 a
408 388 442 431 re
456 369 573 449 publica
587 379 790 447 recesserunt,
807 389 876 432 cum
891 370 956 432 eius
970 371 1228 434 administrandae
1243 393 1294 452 po·

227 464 364 517 testatem
381 455 444 516 aliis
460 455 638 534 laudemque
654 455 863 516 concederent.
887 455 1002 529 Quibus
1022 464 1124 518 autem
1136 455 1203 517 talis
1218 458 1295 518 nulla

228 548 272 601 cst
287 559 384 612 causa,
399 540 425 600 si
440 540 590 619 despicere
605 559 637 601 se
653 540 752 601 dicant
766 559 810 612 ea,
825 559 902 620 quac
916 542 1050 620 plerique
1065 542 1225 614 mirentur,
1241 542 1294 602 im·

226 625 307 704 peria
323 633 353 685 et
369 625 567 703 magistratus,
582 625 619 686 iis
634 643 697 685 non
712 624 801 685 modo
817 641 879 686 non
893 625 983 698 laudi,
1000 644 1104 688 verum
1120 625 1212 687 etiarn
1231 627 1296 688 vitio

228 709 360 771 dandum
371 717 453 788 puto.
470 710 604 782 Quorum
614 709 756 770 iudicium
768 709 801 770 in
813 728 858 782 eo,
875 711 955 789 quod
967 710 1090 789 gloriam
1103 719 1298 772 contemnant
1312 721 1326 768 5

227 802 258 854 et
272 813 327 874 pro
342 793 433 855 nihilo
449 803 563 873 putent,
576 794 694 856 difficile
711 795 790 856 factu
805 802 850 855 est
866 812 928 855 non
943 796 1079 874 probare,
1092 796 1145 856 sed
1161 796 1297 858 videntur

226 879 342 940 labores
358 887 388 940 et
403 880 563 962 molestias,
575 889 639 940 tum
649 879 851 940 offensionum
867 887 897 941 et
907 881 1094 960 repulsmum
1107 881 1193 960 quasi
1205 900 1297 960 quan-

227 964 294 1026 dam
320 964 514 1043 ignominiam
530 965 638 1025 timere
655 972 685 1025 et
706 964 870 1026 infamiam.
898 965 974 1026 Sunt
989 966 1080 1038 enim,
1096 965 1149 1045 qui
1164 966 1198 1026 in
1210 967 1297 1028 rebus

228 1049 383 1112 contrariis
398 1068 503 1128 parum
519 1049 574 1110 sibi
590 1056 736 1122 constent,
753 1049 936 1128 voluptatem
952 1050 1139 1112 severissime
1162 1059 1298 1112 contem-

227 1143 310 1208 nant,
327 1135 359 1195 in
375 1134 476 1197 dolore
491 1135 551 1196 sint
566 1134 725 1207 molliores,
741 1133 862 1212 gloriam
880 1135 1045 1212 neglegant,
1061 1136 1242 1215 frangantur
1252 1137 1297 1197 in·
1315 1143 1339 1195 to

174 1225 205 1274 72
225 1220 325 1292 famia,
342 1228 431 1300 atque
448 1239 481 1280 ea
493 1220 615 1298 quidem
626 1237 688 1279 nou
699 1219 769 1280 satis
782 1227 964 1280 constanter.
989 1219 1048 1282 Sed
1058 1220 1103 1291 iis,
1119 1221 1174 1300 qui
1186 1221 1297 1282 habent
1369 1247 1370 1258 ³

227 1325 243 1366 a
256 1314 361 1367 natura
372 1305 543 1366 adiumenta
555 1321 655 1365 rerum
667 1305 876 1383 gerendarum,
884 1303 997 1364 abiecta
1009 1305 1092 1366 omni
1105 1307 1297 1368 cunctatione

227 1389 410 1469 adipiscendi
425 1389 615 1467 magistratus
625 1397 656 1450 et
670 1389 799 1467 gerenda
810 1407 861 1448 res
872 1388 988 1468 publica
1004 1397 1065 1450 est:
1082 1409 1140 1451 nec
1154 1391 1239 1452 enirn
1247 1392 1297 1452 ali-

226 1483 274 1536 ter
288 1482 339 1534 aut
353 1475 415 1552 regi
430 1474 532 1535 civitas
548 1482 598 1534 aut
609 1475 750 1536 declarari
762 1473 854 1535 animi
868 1474 1040 1552 magnitudo
1056 1483 1165 1554 potest.
1188 1476 1296 1556 Capes-

227 1558 365 1620 sentibus
392 1567 491 1620 autem
513 1577 577 1619 rem
598 1559 745 1638 publicam
762 1559 853 1619 nihilo
874 1559 974 1620 minus
997 1578 1087 1639 quam
1102 1560 1298 1640 philosophis,
1315 1567 1339 1616 15

227 1645 307 1705 haud
321 1642 384 1703 scio
399 1662 437 1705 an
452 1643 547 1722 magis
563 1645 661 1716 etiam,
678 1653 708 1705 et
721 1644 942 1722 magnificentia
957 1653 987 1706 et
1003 1645 1198 1723 despicientia
1214 1647 1297 1707 adhi-

228 1728 325 1789 benda
337 1736 383 1788 est
398 1747 500 1789 rerum
516 1729 723 1800 humanarum,
746 1747 939 1808 quamsaepe
955 1728 1030 1800 dico,
1053 1737 1083 1790 et
1098 1731 1297 1810 tranquillitas

227 1815 318 1874 animi
335 1823 423 1894 atque
438 1815 589 1888 securitas,
612 1815 638 1876 si
653 1813 774 1894 quidem
801 1833 857 1876 nec
882 1813 960 1874 anxii
983 1814 1076 1875 futuri
1092 1824 1165 1876 sunt
1181 1824 1295 1877 etcum

115 1941 118 1947 -
173 1915 204 1965 ‘13
226 1899 368 1978 gravitate
383 1900 609 1977 constantiaque
625 1899 740 1960 victuri.
765 1899 847 1971 Quae
862 1899 994 1960 faciliora
1011 1909 1084 1960 sunt
1100 1900 1296 1980 philosophis.

227 2004 286 2064 quo
310 1985 411 2045 minus
426 1986 519 2045 multa
535 1991 639 2063 patent
653 1985 684 2044 in
701 2001 807 2044 eorum
822 1983 890 2056 vita,
910 2003 985 2062 quae
1000 1984 1122 2046 fortuna
1137 1985 1238 2059 feriat,
1269 1996 1297 2047 et
1313 1991 1338 2042 tt

228 2088 286 2149 quo
303 2070 403 2130 minus
419 2068 521 2128 multis
537 2068 625 2129 rebus
641 2076 731 2146 egent
746 2077 776 2129 et
792 2069 869 2148 qnia,
897 2067 922 2130 si
944 2069 1014 2148 quid
1036 2069 1152 2130 adversi
1168 2072 1296 2142 eveniat,

227 2163 286 2215 tam
303 2154 431 2232 graviter
447 2153 551 2214 cadere
567 2170 630 2213 non
646 2160 785 2232 possunt.
810 2153 954 2226 Quocirca
971 2172 1034 2214 non
1051 2153 1115 2216 sine
1128 2174 1218 2216 causa
1233 2176 1298 2218 ma-

261 2318 285 2366 4.
315 2331 403 2367 ommm
426 2319 507 2368 etiam
529 2319 590 2368 oe'tto
607 2316 734 2368 dandum:
788 2315 833 2366 sod
844 2318 967 2367 victoriis.

227 2400 247 2434 s.
260 2385 327 2435 Einl.
340 2385 356 2450 ξ
370 2388 410 2438 11.
825 2385 864 2435 11.
883 2383 1298 2450 adiumentararumgcr.,sowohl

263 2456 285 2503 7.
305 2458 362 2505 tum
385 2453 484 2504 enth'ilt
496 2454 552 2504 cine
570 2453 734 2518 Steigenung‚
788 2451 948 2516 kdrperlicho
960 2452 1297 2518 undgeistigaanlagennlo

227 2538 284 2586 mag
299 2537 357 2573 cum
373 2523 548 2585 vorausgelren
568 2523 629 2572 oder
648 2522 733 2582 nicht3
789 2520 939 2570 Reiclutlrurn
956 2522 1007 2572 und
1025 2523 1161 2572 vornelrmo
1178 2522 1298 2574 6661616-

226 2590 243 2656 5
258 2592 355 2643 littam
372 2594 484 2656 agitatio
503 2593 602 2640 moetas.
615 2590 646 2639 de
660 2592 700 2639 tin.
713 2586 734 2639 ll
787 2603 870 2651 mnng.

229 2661 268 2722 16,
283 2661 315 2709 53
331 2661 413 2708 animi
434 2659 587 2708 conscientia
607 2659 734 2724 :inprobos
825 2655 863 2707 13.
882 2654 1297 2723 adipe'sesodi:hier‘sicl1umdic

226 2729 382 2786 aceruoiari,
406 2730 460 2776 turn
484 2727 562 2774 etiam
585 2739 677 2790 poenae
700 2728 734 2774 tt-
788 2723 1297 2788 111166566366611666’,6666.11211,5“1

226 2810 304 2844 neore.
319 2794 395 2843 dead.
409 2791 430 2842 ll
446 2797 468 2855 1,
486 2796 498 2844 1
519 2807 643 2857 magnum
661 2795 734 2858 inge-
786 2793 831 2856 put
842 2791 934 2842 altiore
955 2795 1044 2842 animo
1068 2797 1135 2855 runt,
1159 2799 1299 2860 capessunt

226 2865 299 2912 nium
311 2859 340 2910 L.
355 2859 455 2912 Laacullt
471 2875 647 2926 magnumque
667 2863 732 2928 opti·
785 2874 843 2910 rem
861 2859 989 2927 publicam
1004 2861 1144 2911 honoratus
1164 2865 1298 2929 116116113-

225 2944 329 2980 marum
341 2931 436 2980 ortium
450 2927 732 2989 stod1·om,tumomnn
786 2943 833 2992 que
841 2927 1018 2996 adipiscendia.

226 2997 343 3048 liberalis
356 3027 368 3036 -
382 2996 507 3048 doctrina.
823 2997 861 3046 16.
881 2995 951 3046 tund
961 2999 1012 3047 scio
1020 2997 1091 3058 un‚d.
1099 2995 1298 3060 1166166666-

258 3067 432 3130 offensionum
440 3069 465 3114 et
474 3063 645 3132 repulsarum.
654 3063 733 3114 Beide
786 3064 887 3115 vorbial
899 3064 1092 3128 eingeschoben‚
1105 3064 1154 3114 wie
1165 3069 1250 3116 nardo
1262 3083 1297 3116 cn

224 3133 373 3198 Metaphern
386 3133 443 3184 sind
456 3147 505 3183 von
522 3134 569 3183 der
586 3131 734 3182 Schiifluhrt
787 3131 807 3182 ll
820 3131 837 3197 ξ
849 3133 882 3182 ot
894 3136 918 3181 et
929 3135 1015 3182 nescio
1031 3147 1067 3182 on
1077 3132 1164 3197 paullo
1178 3133 1240 3199 plus
1249 3137 1297 3184 ett-

225 3217 379 3267 genommen.
398 3203 506 3268 offensio
522 3202 643 3252 bedoutct
654 3200 733 3251 theiis
787 3215 832 3250 um
847 3213 925 3266 quom
942 3200 1021 3250 licoat.
1045 3200 1097 3250 Der
1116 3201 1294 3252 1666666611-

226 3272 343 3335 Anstoss,
369 3269 556 3322 Unbeliebtheit
572 3269 638 3318 baim
656 3268 732 3330 Volk,
788 3269 857 3319 licha
878 3267 1031 3330 eonjunotiv
1052 3271 1087 3317 rit
1103 3267 1194 3319 stiinde
1206 3270 1296 3320 darum

224 3339 300 3390 Tnsc.
314 3339 336 3392 V
349 3338 392 3404 36,
412 3340 460 3389 163
470 3338 604 3406 popularia
615 3337 730 3402 offerrem.
784 3337 944 3400 selbst'rindig
961 3337 1023 3387 odor
1042 3336 1136 3386 ktiunte
1153 3351 1203 3386 nur
1216 3337 1297 3388 durch

224 3409 254 3458 de
267 3409 326 3474 imp.
340 3406 425 3473 Pomp.
439 3409 464 3472 9,
477 3407 509 3458 26
526 3408 567 3456 dic
583 3409 611 3455 tn
623 3403 667 3454 illo
678 3407 731 3470 ipso
785 3405 842 3455 eine
853 3407 902 3454 Art
914 3403 1086 3456 Anakoluthic
1097 3419 1148 3453 von
1160 3405 1234 3456 duod
1244 3409 1296 3456 scio

223 3475 290 3526 mah
299 3479 505 3541 graoustmoquo
513 3473 570 3526 delli
580 3473 731 3538 offensantem
784 3487 818 3522 aa
830 3472 956 3536 ablingig
967 3471 1150 3536 godachtsein3
1165 3487 1193 3522 es
1205 3474 1243 3525 ist
1252 3474 1297 3524 da-

221 3544 278 3594 hier
290 3544 351 3594 abor
363 3545 390 3595 in
398 3543 562 3607 Verbindung
573 3541 619 3591 ntit
629 3539 732 3606 repulsa
784 3541 832 3590 her
843 3544 880 3590 est
890 3540 1056 3604 gesehriohen
1069 3540 1184 3591 worden.

223 3612 268 3660 das
281 3612 573 3674 vergohlichellemiihen
584 3607 730 3658 zanrlan·
819 3612 846 3658 et
855 3612 948 3674 magni
967 3612 1065 3659 matta:
1082 3608 1139 3659 dom
1151 3608 1296 3674 entspriolrt

223 3693 291 3740 gnng
303 3678 474 3743 siccescens,
493 3676 646 3729 numeotliclr
659 3677 730 3727 eines
784 3675 860 3726 alst.
874 3675 935 3727 Glic
972 3681 995 3727 et
1016 3675 1200 3742 tranquoltitas,
1224 3677 1295 3728 61111-
1367 3709 1368 3736 ,

222 3747 317 3796 Aretes.
342 3745 441 3797 Ebenso
464 3763 502 3812 pr.
526 3746 613 3797 Plane.
637 3745 679 3805 21,
696 3746 726 3794 61
784 3744 846 3794 rend
864 3748 889 3794 st
908 3743 1074 3811 despicientia
1093 3744 1140 3794 mit
1160 3745 1293 3810 magnific.

222 3812 437 3880 offensiunculom
462 3817 583 3881 accipere.
618 3815 648 3862 de
671 3812 729 3876 imp.
784 3828 816 3862 zu
836 3812 917 3862 einem
930 3813 1028 3877 liegrilf
1049 3811 1294 3876 zusammengefasst

222 3882 306 3948 Pomp.
321 3883 360 3946 10,
372 3881 405 3933 28
418 3895 467 3932 non
479 3882 663 3948 offensionibus
671 3879 732 3931 outa
783 3879 859 3930 wird.
