2768 4506
381 167 425 218 llll
439 166 576 255 uraldus
588 167 648 220 LlB.
660 167 679 218 l.
707 167 777 220 GAP.
791 169 833 223 21.
845 169 887 222 22.
1129 173 1170 235 73

93 323 179 384 iores
194 328 296 383 motus
311 320 480 382 animorum
496 322 683 384 concitantur
694 323 848 403 maiorque
861 341 930 385 cura
942 325 1092 388 efficiendi
1104 344 1169 388 rem

93 407 247 488 publicam
267 406 440 485 gerentibus
462 425 551 486 quam
572 407 689 487 quietis,
713 426 772 486 quo
788 408 880 487 magis
899 408 936 470 iis
952 419 982 471 et
997 411 1169 488 magnitudo

95 493 252 556 estanimi
269 491 437 552 adhibenda
454 501 483 552 et
495 492 626 554 vacuitas
641 491 678 552 ab
693 494 863 571 angoribus.
879 495 922 556 Ad
935 513 998 557 rem
1013 497 1171 574 gerendam

94 587 202 640 autern
219 577 270 656 qui
285 577 398 639 accedit
412 585 515 638 caveat
541 596 581 638 ne
595 577 626 637 id
641 578 731 639 modo
752 578 930 656 consideret,
954 597 1043 658 quam
1058 581 1105 643 illa
1121 600 1170 644 res

55 674 70 722 5
91 664 226 724 honesta
237 662 285 735 sit,
302 663 355 723 sed
369 659 457 724 etiam
470 670 503 722 ut
513 662 617 724 habeat
629 662 778 725 efficiendi
789 664 975 725 facultatem:
990 665 1092 744 inquo
1103 666 1169 746 ipso

96 747 353 810 considerandum
370 754 415 807 est
431 764 469 808 ne
485 755 536 808 aut
550 755 663 807 temere
673 748 814 827 desperet
829 756 952 828 propter
963 750 1112 828 ignaviam
1120 759 1171 814 aut

95 833 191 894 nimis
206 832 335 894 confidat
349 839 473 911 propter
489 831 691 910 cupiditatem.
712 833 745 894 ln
762 833 902 895 omuibus
918 843 1018 896 autem
1034 837 1169 914 negotiis,

94 917 277 1004 priusquam
292 917 475 995 adgrediare,
491 916 658 978 adhihenda
673 926 718 979 est
732 918 917 997 praeparatio
934 919 1069 998 diligens.

186 1003 246 1063 Sed
259 1021 327 1063 cum
338 1001 663 1081 pleriquearbitrentur
675 1021 723 1063 res
734 1002 854 1064 bellicas
861 1003 988 1064 maiores
1002 1024 1066 1066 esse
1078 1013 1227 1084 quam-³2

44 1105 75 1155 ιο
95 1089 240 1160 urbanas,
257 1087 421 1148 minuenda
432 1095 477 1147 est
488 1087 561 1148 haec
572 1087 684 1166 opinio.
694 1085 867 1150 Multienint
876 1089 1173 1169 hellasaepequaesi-
1192 1092 1226 1140 74

94 1179 207 1235 rerunt
215 1171 665 1251 proptergloriaecupiditatem‚
675 1172 959 1253 atqueidinrnagnis
967 1173 1074 1236 animis
1085 1173 1170 1253 inge·

93 1259 219 1335 niisque
233 1258 411 1337 plerumque
423 1257 571 1335 contingit
579 1257 782 1337 eoquemagis‚
789 1258 815 1318 si
821 1260 1005 1320 suntadrem
1011 1259 1169 1321 militarem

95 1343 161 1424 apti
179 1345 220 1420 [et
230 1341 329 1422 cupidi
343 1342 490 1404 bellorum
504 1343 725 1419 gerendoruml.
741 1343 817 1404 Vere
828 1351 928 1406 autem
941 1343 1109 1406 sivolunrus
1121 1343 1169 1406 iu-

95 1429 208 1500 dicare,
220 1428 331 1488 multae
340 1446 390 1487 res
402 1426 566 1488 extiterunt
577 1429 708 1489 urbanae
721 1427 849 1489 maiores
861 1428 1063 1508 clarioresque
1076 1448 1166 1508 quam

42 1527 75 1575 15
94 1514 231 1576 bellicae.
260 1511 402 1585 Quamvis
427 1511 508 1572 enim
524 1512 739 1574 Themistocles
754 1512 820 1574 iure
835 1513 973 1576 laudetur
995 1523 1025 1575 ct
1045 1514 1085 1575 sit
1105 1515 1170 1576 eius
1189 1528 1223 1578 75
1320 1515 1322 1520 ’

96 1616 213 1661 nomen
237 1615 327 1676 quam
343 1597 462 1659 Solonis
484 1597 638 1659 inlustrius
662 1597 828 1674 citcturque
853 1597 977 1660 Salamis
992 1599 1170 1662 clarissimae

93 1683 185 1745 testis
195 1682 344 1759 victoriae,
354 1701 430 1762 quae
440 1689 640 1761 anteponatur
652 1681 776 1743 consilio
785 1682 903 1743 Solonis
916 1683 954 1754 ei,
966 1703 1025 1764 quo
1038 1685 1170 1763 primum

95 1767 256 1831 constituit
278 1767 481 1846 Areopagitas,
507 1785 570 1828 non
591 1767 692 1828 minus
708 1767 895 1846 praeclarum
909 1768 966 1828 hoc
988 1787 1077 1848 quarn
1099 1769 1170 1830 illud

92 1853 290 1915 iudicandum
306 1861 361 1913 est.
394 1851 468 1913 lllud
482 1852 563 1912 enirn
580 1853 673 1913 sernel
690 1851 812 1932 proluit,
835 1852 892 1912 hoc
904 1870 1023 1931 semper
1037 1853 1172 1932 proderit

42 1950 74 2000 20
94 1938 227 2001 civitati:
243 1938 301 1998 hoc
315 1936 438 1998 consilio
454 1936 533 2016 leges
549 1937 790 2008 Atheniensium,
807 1937 865 1998 hoc
875 1936 1023 1998 maiorum
1035 1938 1170 2000 instituta

94 2030 264 2085 servantur.
286 2022 324 2083 Et
339 2021 554 2084 Themistocles
577 2022 698 2104 quidem
717 2021 791 2082 nihil
819 2021 933 2093 dixerit,
958 2021 990 2082 in
1020 2041 1079 2103 quo
1106 2023 1170 2102 ipse

132 2197 156 2246 l.
191 2196 324 2259 maiorque
366 2209 429 2246 cura
468 2194 604 2260 efficiendi,
661 2195 732 2246 sellae
750 2210 827 2258 sagon
846 2195 898 2245 wie
915 2194 941 2244 in
959 2195 1006 2245 der
1017 2193 1170 2258 Folgerung.

94 2259 607 2327 SurgeumdcnllrlolgbeidenBestrs-
660 2261 710 2313 lllit
731 2261 812 2313 Reoht
832 2264 878 2312 hat
904 2263 983 2312 daher
1006 2263 1105 2326 Sauppe
1128 2263 1173 2313 die

93 2334 205 2394 hunger.
226 2330 275 2380 llas
289 2319 445 2381 sertorium
458 2331 493 2380 ist
504 2331 607 2381 absolut
661 2330 755 2381 Worte
767 2329 810 2380 liir
826 2330 992 2396 interpoliert
1007 2331 1119 2394 erkliirt.
1137 2357 1172 2368 -

94 2398 327 2465 gebrauchtwiein
338 2397 606 2464 efficiendisaccltae‚
660 2400 716 2464 opti
726 2396 762 2447 ist
773 2405 883 2460 gesem,
900 2397 939 2446 als
952 2396 983 2446 ola
999 2398 1173 2462 vorauogingc

87 2466 304 2536 somecdabendc'.
659 2466 1059 2530 indomimltuemognr'a'ngenii.

131 2537 157 2586 2.
176 2536 267 2600 quictis
286 2533 403 2584 desselbc
424 2533 472 2584 wic
486 2532 525 2584 olr.
544 2535 606 2584 otio·
697 2535 736 2584 ll.
757 2531 858 2584 Solense
869 2536 901 2597 ei,
914 2535 1083 2600 quopre'mum
1092 2536 1173 2582 conat.

94 2607 142 2655 ea's.
660 2605 755 2668 Areop.
781 2601 868 2652 Wcun
890 2602 955 2652 auch
972 2600 1015 2650 die
1031 2597 1174 2664 Griindoog

130 2673 156 2722 3.
175 2671 291 2720 vomitos
307 2669 338 2718 od
355 2670 507 2734 angoribus:
523 2683 607 2733 erigor·
661 2671 705 2722 dos
716 2669 846 2736 Areopago
859 2663 1098 2720 alsGariehtsholes
1107 2669 1173 2720 iiber

95 2741 133 2791 ist
152 2739 196 2789 die
212 2737 276 2788 tiele
288 2737 502 2800 nonannoeane,
514 2740 605 2802 Auget,
660 2736 735 2788 Mord
747 2738 864 2801 iiltcrist,
876 2736 1171 2788 dasiedieatlrooieclren

95 2807 186 2859 dicim
206 2805 349 2868 Gegeusatz
365 2820 397 2855 zu
414 2821 478 2856 cura
490 2812 555 2855 stete
567 2805 606 2855 als
661 2805 767 2873 Mytheu
786 2804 833 2857 auf
851 2805 951 2856 Athene
969 2805 1031 2856 oder
1053 2803 1174 2870 Kekrops

95 2863 256 2945 pertentare
266 2875 357 2923 aaudr‘a
373 2870 514 2934 ausgclasst
533 2863 607 2922 wird.
661 2873 859 2934 zuriickiiilrrcu,
876 2889 905 2924 so
919 2872 967 2937 gab
986 2873 1038 2923 ihm
1050 2873 1114 2923 doch
1125 2875 1173 2922 So·

132 2946 156 2994 5.
176 2947 205 2994 at
226 2943 324 2992 dodsut.
353 2940 393 2991 Zu
419 2943 474 2991 dem
492 2941 515 2990 2.
534 2942 608 2990 Sata·
662 2941 706 2992 lou
723 2942 864 2993 zuerstdie
882 2943 1034 3005 allgemeioe
1053 2940 1173 2991 Auleiclrt

96 3011 183 3077 glicdc
199 3011 336 3063 isttcaoere
347 3010 375 3060 in
386 3011 495 3060 andercr
511 3009 608 3058 Bsdeu·
661 3010 725 3060 iiber
734 3009 818 3062 Sittcu
830 3007 1117 3072 undAutrcclrtlraltung
1126 3009 1175 3058 der

96 3089 162 3142 tung
179 3079 272 3141 ‘Serge
287 3077 391 3140 tragcu'
412 3093 445 3126 zu
467 3078 608 3140 crglinzen3
663 3076 781 3139 Gaoctze,
799 3078 839 3128 die
852 3091 882 3126 er
893 3078 973 3128 durclr
984 3076 1116 3143 Ephialtes
1128 3075 1171 3126 01.

96 3147 114 3213 ξ
128 3150 177 3201 141
194 3161 338 3210 macomus,
357 3148 436 3207 asten
454 3160 519 3211 quoe
529 3146 609 3212 perti·
663 3145 704 3210 80,
720 3149 732 3197 1
746 3144 816 3210 (too)
835 3145 933 3207 verlor,
954 3146 1016 3196 aber
1034 3145 1098 3195 nach
1115 3145 1172 3194 dem

97 3213 219 3267 neantod
228 3213 392 3278 dignitatern,
401 3212 533 3264 memte
546 3216 607 3263 sint.
663 3212 753 3264 Sturae
765 3214 812 3262 der
822 3212 854 3262 30
868 3213 1007 3278 'Pyrenaea
1022 3212 1119 3262 wieder
1129 3211 1172 3261 lte-

134 3281 270 3338 luditilla·
287 3283 480 3348 enim-saepe:
502 3295 522 3331 s.
544 3297 565 3331 a.
586 3279 608 3332 11
661 3281 728 3332 kam.
745 3280 856 3332 Bestand
873 3281 944 3331 hatte
962 3294 991 3330 er
1008 3278 1090 3330 selbot
1106 3281 1172 3329 noch

96 3352 113 3418 ς
124 3353 168 3404 20.
661 3349 689 3400 iu
701 3349 748 3400 der
759 3351 864 3415 splitcrn
877 3345 1029 3398 liniscrseit

135 3419 175 3470 ta.
195 3422 220 3469 et
235 3416 322 3484 capella·
336 3418 359 3468 b.
373 3415 608 3482 g.:Nacl1llolren1
697 3419 739 3470 21.
757 3420 899 3468 curamur.
929 3415 994 3466 llass
1007 3415 1049 3465 die
1062 3413 1174 3464 Gesctze

97 3488 236 3540 strebeode
257 3485 365 3536 Miinscr
385 3485 504 3536 sueheu
524 3485 609 3548 liulig
662 3485 755 3537 Solous
775 3486 842 3536 noch
863 3485 1014 3546 bestdudan,
1038 3485 1097 3546 sagt
1118 3482 1171 3532 Cic.

98 3554 203 3619 liriegc,
215 3555 335 3606 wcunsie
344 3553 516 3604 militarische
524 3551 609 3602 'l'iieh-
662 3555 726 3604 auch
738 3570 763 3620 p.
776 3554 803 3604 S.
815 3551 891 3604 Rosc.
908 3553 950 3615 25,
966 3551 997 3601 'lll
1010 3551 1173 3618 cupientem-

97 3623 194 3688 tigkcit
210 3623 334 3674 bceitzeu.
358 3621 459 3673 Wolltc
478 3621 531 3672 Cic.
544 3622 608 3672 noch
661 3636 734 3672 nmen
753 3619 871 3672 Solonem
893 3619 982 3670 ddunt
997 3621 1089 3684 factae,
1112 3633 1175 3669 enm

98 3689 252 3755 hiosnfiigen
264 3691 322 3741 ‘und
335 3689 451 3753 legieris
463 3687 607 3740 nachliris·
661 3689 794 3755 gallegos,
804 3689 896 3753 quidne
906 3687 980 3738 todo
991 3702 1085 3753 guoque
1097 3691 1173 3740 utura,-

99 3775 148 3824 gen
168 3759 243 3822 sind,
264 3774 301 3819 oo¹
314 3757 403 3808 wiirde
420 3772 450 3808 cr
470 3757 608 3820 cigentlich
661 3761 714 3820 tur,
737 3759 879 3823 scripserit:
902 3771 955 3806 was
978 3755 1108 3806 natiirlielr
1124 3770 1175 3804 nur

100 3831 126 3879 in
138 3829 194 3880 darn
210 3827 446 3891 Bedingnagssutze
458 3826 536 3876 sehon
549 3825 607 3876 das·
661 3824 1035 3889 mitgrosssrllinechriinkung
1045 3823 1118 3874 wahr
1129 3822 1174 3874 ist
