2800 4506
363 227 406 278 ns
418 226 555 280 osricus
567 227 628 280 Lln.
641 227 680 280 lll.
703 227 828 284 CAP.10.
844 231 882 282 11.
1106 232 1167 294 201
1249 243 1253 250 ’

101 384 172 444 tale.
204 382 370 444 Damonem
387 391 417 444 et
426 381 579 444 Phintiam
588 381 788 462 Pythagoreos
802 384 905 446 lerunt
914 384 973 447 hoc
982 386 1082 447 animo
1092 385 1171 447 inter

101 487 135 530 se
155 467 263 540 fuisse,
284 476 331 540 ut,
353 487 421 530 oum
443 485 548 529 eorum
563 468 647 530 alteri
663 468 821 548 Dionysius
834 479 978 548 tyrannus
994 470 1073 532 diem
1088 471 1170 538 neeis

102 553 311 614 destinavisset
336 563 366 614 et
385 553 425 626 is,
451 553 502 634 qui
522 553 613 614 morti
631 553 765 616 addictus
785 563 877 632 esset,
905 573 1016 634 paucos
1037 555 1094 618 sibi
1112 557 1174 618 dies

101 638 412 700 commendandorum
432 656 557 700 suorum
577 655 665 699 eausa
691 639 916 717 postulavisset,
941 658 993 702 uas
1016 644 1111 721 septus
1137 642 1176 704 sit

68 741 83 790 5
101 725 178 785 alten
192 723 258 790 eius
274 724 414 795 sistendi,
431 731 481 796 nt,
502 723 527 784 si
542 722 592 784 ille
606 741 668 784 non
682 725 868 797 revertisset,
889 725 1081 787 moriendum
1097 735 1176 788 essct

100 808 171 888 ipsi
204 809 263 882 Qui
283 826 352 870 cnm
371 811 409 870 ad
428 809 507 870 diem
528 827 560 869 se
580 808 756 888 recepisset,
778 810 941 872 admiratus
964 827 1070 872 eorum
1084 812 1174 872 fidem

98 903 246 973 mrannns
262 895 373 973 petivit,
389 903 425 955 ut
438 911 471 955 se
486 895 523 954 ad
538 893 700 955 amicitiam
714 895 837 956 tertium
856 895 1066 958 adscriberent.
1097 893 1172 958 Com
1193 905 1225 954 46

99 979 195 1056 igitur
209 979 248 1051 id,
263 980 343 1058 qood
359 979 433 1040 utile
448 979 566 1042 ridetur
580 978 611 1038 in
625 979 761 1052 ommitia,
778 997 847 1040 curn
858 1000 903 1053 eo,
920 979 999 1060 quod
1009 981 1172 1042 honestum

99 1071 161 1135 est,
182 1073 383 1144 eompmatnr,
400 1065 494 1126 iaceat
509 1064 644 1124 militatis
659 1064 787 1144 speeies,
807 1066 902 1128 valeat
917 1065 1068 1128 honestas.
1099 1065 1174 1128 Cum

51 1155 82 1206 to
101 1157 204 1210 autern
219 1149 252 1209 in
262 1149 400 1223 amicitia,
416 1165 492 1229 quiae
506 1150 633 1210 honesta
643 1167 704 1210 non
716 1157 796 1222 sunt,
811 1150 1054 1229 postulabuntur,
1070 1150 1172 1231 religio

101 1242 134 1294 et
147 1234 223 1294 tides·
238 1242 439 1314 anteponatur
453 1234 608 1296 amicitiae.
640 1235 691 1296 Sic
704 1235 862 1297 habebitur
877 1233 917 1309 is,
934 1253 1024 1316 quem
1041 1235 1172 1316 exquiri-

102 1337 183 1390 mus,
199 1319 325 1380 dilectus
340 1319 441 1382 ostioli.

189 1404 249 1464 Sed
266 1405 405 1468 utilitatis
417 1405 518 1484 speeie
532 1403 564 1464 in
579 1401 770 1484 republica
786 1406 963 1484 saepissime
978 1413 1131 1485 peccatur,
1148 1414 1182 1468 ut
1198 1412 1229 1466 11

100 1489 135 1550 in
150 1489 289 1550 Corinthi
303 1488 522 1552 disturbatione
536 1489 646 1550 nostri:
664 1491 768 1552 durius
783 1491 872 1552 etiam
888 1490 1103 1564 Athenienses,
1122 1491 1173 1571 qui

48 1575 78 1625 15
97 1574 253 1636 sciverant
268 1581 301 1636 ut
310 1575 473 1655 Aeginetis,
489 1574 541 1654 qui
557 1573 650 1636 elusae
664 1576 810 1647 valebant,
826 1577 948 1654 pollices
964 1577 1174 1656 praecideren-

98 1667 160 1721 tur.
192 1660 256 1722 Hoe
275 1661 371 1721 visum
393 1668 438 1722 est
457 1661 544 1721 utile:
568 1659 658 1721 nimis
671 1661 753 1720 enim
769 1660 947 1722 imminebat
960 1669 1084 1741 propter
1098 1679 1174 1742 pro·

99 1745 303 1825 pinquitatem
319 1745 433 1824 Aegina·
445 1745 559 1806 Piraeo.
596 1745 656 1806 Sed
678 1743 753 1806 nihil
774 1746 855 1825 qnod
877 1746 996 1806 crudele
1017 1747 1104 1808 utile:
1128 1754 1175 1806 est

100 1831 182 1890 enim
198 1830 355 1891 hominnm
371 1839 504 1904 naturae,
521 1846 609 1907 quam
625 1830 711 1910 sequi
726 1829 885 1904 debemus,
903 1830 1032 1891 maxime
1052 1831 1173 1893 inimica

99 1914 271 1977 crudelitas.
297 1915 372 1977 itale
385 1917 474 1976 etiam
487 1915 538 1995 qui
553 1915 728 1995 peregrinos
741 1915 866 1976 urbibus
879 1916 924 1976 uti
934 1915 1093 1994 prohibent
1105 1935 1173 1976 eos·
1194 1925 1226 1974 47

47 2001 83 2051 to
101 2013 160 2080 que
177 2000 390 2079 exterminant,
407 2010 440 2062 ut
452 2001 572 2062 Pennus
589 2001 667 2082 apud
682 2007 781 2080 patres
797 2012 927 2070 nostros,
946 1999 1052 2080 Papius
1066 2019 1172 2082 nuper.

101 2139 168 2190 Eine
181 2139 262 2189 etwas
274 2137 410 2190 uoreehtes
423 2137 559 2203 verlungc3
579 2139 611 2190 de
666 2139 724 2189 eine
735 2138 842 2200 lingere
851 2135 1006 2187 Parenthese
1019 2133 1174 2188 dcsAnako-

100 2209 151 2274 gili
172 2206 227 2256 also
249 2207 290 2256 als
311 2204 456 2258 Grundsetz
480 2206 553 2257 Alles
578 2221 611 2258 cn
664 2207 722 2257 luth
735 2203 915 2267 entschnldigt.

100 2279 175 2336 thoe,
192 2285 246 2324 teas
259 2272 305 2325 der
317 2271 420 2325 Freuud
433 2276 560 2337 verlungt.
580 2272 611 2326 de
699 2275 724 2325 9.
743 2273 834 2335 iaceat,
854 2272 937 2322 bleibe
954 2272 1109 2324 unbeaehtet
1125 2273 1174 2323 lie-

101 2359 150 2394 em.
166 2341 206 2404 11,
220 2341 251 2391 38
266 2341 362 2404 Quodsi
375 2348 472 2394 rectem
488 2345 610 2394 statuet·
665 2357 722 2407 gen.
746 2341 805 2403 Vgl.
819 2339 835 2406 ξ
849 2341 890 2390 19.
1158 2357 1161 2364 ’

99 2427 163 2464 mne
183 2409 222 2460 uel
236 2411 367 2462 concedere
381 2413 473 2462 amicte
488 2410 612 2478 quidquid
701 2411 742 2463 14.
763 2407 876 2460 Corinthi
891 2407 1120 2458 disiunctionem.
1137 2407 1175 2474 15

99 2481 181 2532 velunt
201 2479 239 2529 uel
255 2481 396 2547 impetrare
415 2481 447 2529 ab
466 2482 513 2539 its,
537 2479 610 2544 poid-
665 2479 707 2528 35.
743 2476 797 2527 hus
817 2478 939 2544 peccatur
956 2489 1025 2526 mess
1042 2487 1099 2526 mon
1118 2475 1175 2526 sich

99 2542 166 2616 quid
179 2546 293 2604 emenus,
313 2550 429 2615 perfectu
449 2545 547 2614 quidem
567 2561 610 2596 sa·
666 2562 699 2595 zu
721 2546 806 2597 nostre*
824 2543 949 2607 erginzen
969 2549 1108 2610 peccarunt
1123 2545 1174 2594 nod

98 2617 197 2686 pientia
217 2615 242 2664 n·
263 2617 356 2682 omne,
380 2614 447 2666 nibil
464 2617 556 2666 hebeat
571 2629 612 2666 ma
666 2629 697 2664 zu
718 2613 810 2665 durinc
822 2613 989 2662 Athenienses
1006 2613 1080 2663 einen
1094 2613 1174 2676 allge-

102 2685 168 2736 m'tie'.
665 2682 763 2733 melnen
778 2680 874 2746 liegrilf
883 2679 1072 2748 misfecerunt.

139 2751 161 2801 1.
181 2749 324 2801 Damonem
340 2755 365 2801 et
382 2749 521 2801 Phintiam.
558 2748 612 2801 An*
704 2752 741 2803 15.
760 2751 906 2816 Aeginetis:
931 2747 1173 2799 helirannum.

101 2823 148 2872 dre'
167 2834 265 2870 neuneu
283 2813 451 2870 dicFrenirde
465 2819 611 2886 Euphantos
666 2817 687 2870 ll
716 2821 731 2870 9
761 2811 806 2869 οἷα
834 2817 1009 2886 ἐψηφίσαντο
1023 2812 1174 2893 ,Ἀθηναῖοι

100 2887 153 2940 und
166 2885 298 2950 nutritos,
309 2887 407 2938 wieder
416 2887 502 2938 Andre
514 2885 611 2938 Meiros
666 2918 688 2925 —
715 2885 872 2955 Alycrneciv
900 2883 953 2954 μὲν
982 2882 1095 2935 ἕκαστον
1124 2879 1175 2937 τὸν

102 2957 156 3008 und
168 2955 336 3008 Selinuntius.
367 2953 437 3007 llben
451 2955 610 3006 sowirdels
665 2955 756 3023 μέγαν
773 2945 917 3018 ἀποκόψαι
934 2953 980 3017 τῆς
1001 2949 1096 3018 χειρὸς
1123 2945 1174 3002 tt-

100 3027 209 3094 Tyruon
233 3023 291 3074 bald
315 3023 362 3074 der
383 3025 466 3075 iiltere
486 3021 547 3074 bald
567 3021 612 3074 der
665 3027 763 3074 motor
779 3023 828 3086 τῆς
845 3017 944 3084 δεξιᾶς,
971 3019 1017 3072 ἵνα
1039 3017 1106 3090 δόρυ
1122 3019 1175 3088 μὲν

95 3087 356 3160 jiingereliiouysius,
365 3089 425 3142 bald
435 3093 482 3143 dor
493 3107 513 3140 z.
525 3087 546 3142 ll
556 3089 611 3156 §26
665 3082 809 3156 βαστάζειν
842 3085 857 3154 ὴ
870 3081 1014 3150 δύνωνται,
1031 3084 1128 3152 κώπην
1145 3086 1174 3138 di

100 3161 274 3228 besprochene
287 3159 403 3211 Phalaris
416 3158 570 3224 angegeben.
665 3152 789 3210 ἐλαύνειν
825 3149 948 3207 inerrat,
973 3153 1025 3205 Der
1037 3153 1173 3206 beschluss

136 3231 161 3280 4.
206 3227 466 3279 emnmmdundorom
505 3239 612 3278 auorum
666 3226 761 3276 niisste
782 3223 912 3275 entweder
932 3220 1031 3304 gelusst
1051 3224 1108 3272 sein
1133 3221 1174 3272 bei

99 3295 612 3430 ttttuttthltltitltttltt
665 3289 1175 3426 tltelttttttttttttl?it

101 3431 332 3495 ‹lerSterbenden3
353 3433 385 3482 de
406 3431 447 3482 lin.
465 3427 557 3496 11120,
578 3427 611 3480 65
664 3430 807 3494 Aeginetae
831 3427 873 3479 ol.
898 3428 939 3486 st,
965 3427 979 3476 2
1005 3427 1088 3492 (431);
1112 3423 1175 3476 aber

100 3499 333 3553 commendationes
343 3499 517 3552 morientium.
668 3500 757 3550 weder
770 3494 934 3564 Thulrydides
957 3494 979 3558 (l
1005 3493 1061 3545 108.
1087 3491 1108 3544 ll
1129 3493 1174 3556 27)
1212 3533 1223 3558 Ι

135 3583 184 3622 vae
199 3565 290 3634 suetus
306 3571 346 3619 stt.
377 3567 512 3619 Dielldss.
531 3567 612 3616 beben
667 3567 730 3616 noch
750 3563 847 3616 Diodor
868 3561 915 3627 (Xl
936 3560 977 3612 76.
1005 3560 1111 3625 xliia)
1131 3573 1173 3611 er·

99 3642 149 3702 eat,
170 3637 233 3686 eber
253 3637 293 3686 eiu
307 3635 420 3702 Beispiel
437 3635 508 3686 einer
524 3635 613 3684 derar-
668 3635 774 3684 wihnen
787 3633 862 3683 einen
875 3629 1129 3692 solchenbeschluss,
1142 3645 1174 3681 ou

99 3707 173 3770 cisen
184 3705 364 3768 Anakoluthie,
380 3706 439 3754 dass
451 3703 516 3754 uach
527 3707 557 3753 ot
567 3703 614 3753 der
667 3702 759 3752 dessen
772 3698 909 3752 Wahrheit
929 3713 961 3750 zu
981 3697 1097 3750 zweiieln
1118 3697 1175 3748 des·

100 3771 232 3826 ludicatir
243 3779 345 3836 gesetm
356 3772 403 3836 sei,
417 3771 496 3822 findet
505 3771 560 3822 sich
571 3769 614 3822 bei
667 3769 727 3820 halb
741 3769 829 3822 (iruod
841 3779 924 3831 genoe
935 3767 1055 3832 vorliegt.

101 3842 156 3894 Cio.
169 3841 300 3904 nirgends,
316 3841 366 3890 und
384 3841 442 3890 hier
454 3837 490 3890 ist
503 3837 613 3890 diesuna
702 3837 743 3889 20.
755 3836 788 3890 M.
798 3835 892 3888 Iunius
901 3835 1006 3886 Perenne
1018 3833 1174 3887 warVolks·

101 3927 130 3962 so
149 3910 266 3973 weniger
282 3910 464 3972 anzunehmen‚
485 3908 524 3958 als
541 3905 614 3958 nicht
667 3905 754 3957 tribun
779 3903 829 3958 628
855 3905 943 3969 (1⁶26).
997 3901 1056 3955 Scin
1080 3902 1174 3955 Gesetz
