2768 4506
402 223 444 274 llll
458 223 594 275 urricus
606 221 666 274 tle.
679 221 696 274 1.
724 221 796 274 CAP.
814 219 853 274 18.
1120 224 1160 288 65

179 378 240 442 Sed
256 398 326 440 cum
340 379 442 440 omnia
457 379 575 440 ratione
591 377 750 457 animoque
765 377 909 448 lustraris,
922 377 1056 439 omnium
1073 381 1168 440 socie·
1186 390 1218 439 57

90 474 187 526 tatum
203 465 284 526 nulla
300 472 345 526 est
360 464 485 542 gravior,
500 463 580 525 nulla
595 463 691 524 carior
705 481 794 541 quam
812 482 860 534 ea,
883 481 957 542 quae
978 481 1046 525 cum
1060 481 1093 523 re
1108 483 1165 544 pu-

89 551 167 612 blica
182 557 238 612 est
260 551 315 611 uni
337 549 444 628 cuique
465 556 614 609 nostrum.
650 547 714 609 Cari
731 555 802 608 sunt
817 554 972 626 parentes,
993 549 1052 609 cari
1071 548 1166 623 liberi,

90 635 269 716 propinqui,
284 634 454 704 familiares,
478 633 531 694 sed
553 650 658 693 omnes
678 632 813 693 omnium
836 632 972 694 caritates
992 635 1087 712 patria
1107 653 1166 697 una

51 737 68 786 5
90 721 250 799 complexa
267 727 321 789 est,
336 738 392 798 pro
409 737 467 798 qua
483 718 550 799 quis
565 715 664 778 bonus
681 717 796 778 dubitet
811 724 941 778 mortem
963 727 1113 798 oppetere,
1143 722 1167 782 si

92 807 119 866 ei
137 805 178 866 sit
193 801 394 884 profuturus?
424 805 490 877 Quo
505 811 552 864 est
567 801 768 864 detestabilior
783 801 910 863 istorum
925 803 1095 883 inmanitas,
1117 807 1168 886 qui

90 892 267 952 lacerarunt
280 889 363 950 omni
380 890 493 950 scelere
508 889 634 966 patriam
650 896 679 948 et
695 887 725 946 in
742 906 776 947 ea
790 887 925 948 funditus
941 888 1066 951 delenda
1082 911 1171 953 oceu-

90 975 157 1055 pati
173 981 204 1036 et
220 983 291 1036 sunt
306 983 337 1036 et
351 974 483 1035 fuerunt.
514 973 572 1034 Sed
588 972 614 1033 si
625 972 778 1033 contentio
791 971 935 1050 quaedam
948 983 978 1034 et
989 977 1170 1055 comparatio
1190 991 1221 1040 58

91 1062 154 1132 fiat,
173 1060 283 1139 quibus
298 1059 462 1138 plurimum
476 1056 668 1119 tribuendum
680 1057 720 1118 sit
732 1057 830 1128 officii,
842 1057 991 1136 principes
1003 1061 1063 1121 sint
1075 1062 1169 1140 patria

39 1157 70 1208 td
90 1153 121 1206 et
136 1152 290 1224 parentes,
305 1161 434 1224 qnorum
449 1142 599 1204 beneficiis
615 1142 752 1204 maximis
768 1141 885 1220 obligati
907 1161 1022 1218 snmus,
1042 1147 1169 1224 proximi

91 1229 181 1291 liberi
192 1237 315 1308 totaque
327 1231 445 1299 domus,
457 1246 533 1307 quae
548 1234 662 1307 spectat
672 1227 704 1287 in
717 1245 772 1288 nos
785 1228 863 1288 solos
876 1245 974 1307 neque
985 1230 1063 1291 aliud
1074 1231 1167 1292 ullum

91 1322 194 1395 potest
208 1314 319 1376 habere
334 1313 512 1394 perfugium,
525 1313 668 1392 deinceps
682 1311 760 1374 bene
772 1313 983 1376 convenientes
998 1316 1169 1396 propinqui,

94 1400 276 1478 quibuscum
293 1399 463 1460 communis
479 1398 567 1460 etiam
583 1399 703 1458 fortuna
724 1396 902 1476 plerumque
923 1408 977 1460 est.
1014 1401 1109 1474 Quam
1132 1403 1169 1464 ob

94 1503 161 1546 rem
178 1485 348 1545 necessaria
363 1483 507 1563 praesidia
523 1483 599 1544 ritae
614 1483 762 1552 debentur
782 1482 818 1542 iis
839 1483 983 1558 maxime,
1004 1504 1079 1565 quos
1100 1498 1169 1548 ante

44 1587 75 1638 15
96 1570 168 1640 dixi,
185 1569 245 1630 vita
260 1576 360 1636 autem
376 1569 531 1648 victusque
546 1569 725 1640 communis,
742 1568 862 1628 consilia
878 1587 1042 1642 sermones,
1063 1573 1170 1634 cobor-

94 1655 227 1716 tationes
243 1654 470 1726 consolationes,
484 1654 633 1714 interdum
651 1653 738 1713 etiam
752 1650 973 1732 obiurgationes
988 1655 1020 1716 in
1035 1657 1172 1719 amicitiis

95 1741 199 1819 vigent
213 1739 350 1812 maxime,
370 1746 475 1819 estque
490 1757 524 1800 ea
535 1735 748 1800 iucundissima
761 1737 896 1810 amicitia,
908 1757 997 1816 quam
1009 1740 1171 1804 similitudo

96 1843 221 1886 morum
237 1824 414 1904 coniugavit.

188 1909 246 1970 Sed
263 1909 295 1970 in
310 1910 357 1970 his
373 1908 514 1970 omnibus
530 1906 634 1969 officiis
649 1905 818 1968 tribuendis
840 1906 999 1968 videndum
1022 1908 1079 1969 erit
1100 1913 1170 1990 quid
1191 1923 1228 1979 18

43 2007 78 2057 20
96 1995 209 2074 cuique
232 1993 360 2055 maxime
374 2012 498 2054 necesse
518 1993 557 2054 sit
577 2001 607 2053 et
628 1991 700 2071 quid
716 1991 843 2071 quisque
864 1992 909 2052 vel
931 1991 997 2053 sine
1017 1994 1103 2056 nobis
1125 2007 1174 2058 aut
1193 2003 1225 2052 59

95 2079 196 2158 possit
211 2079 355 2158 consequi
370 2087 421 2140 aut
437 2097 497 2139 non
520 2077 626 2157 possit.
653 2077 695 2139 lta
719 2095 779 2138 non
803 2077 883 2137 idem
896 2085 984 2138 erunt
1007 2081 1172 2142 necessitu-

98 2164 207 2225 dinnm
222 2164 330 2242 gradus
346 2164 398 2242 qui
413 2172 596 2243 temporum,
610 2171 743 2242 suntque
764 2161 868 2234 officia,
889 2181 965 2242 quae
986 2164 1051 2226 aliis
1079 2168 1172 2244 magis

98 2268 193 2329 quam
207 2249 272 2310 aliis
297 2247 472 2322 debeantur,
493 2258 527 2309 ut
547 2247 678 2310 vicinum
700 2247 787 2308 eitius
808 2247 953 2309 adiuveris
976 2249 1172 2314 infractibus

97 2333 299 2414 percipiendis
315 2353 403 2413 quam
417 2343 467 2396 aut
482 2334 605 2394 fratrem
621 2341 673 2394 aut
686 2331 871 2404 familiarem,
884 2339 913 2392 at
924 2333 949 2393 si
965 2334 1001 2394 lis
1015 2335 1047 2395 in
1063 2337 1173 2398 iudicio

44 2431 78 2481 25
96 2419 146 2490 sit,
170 2420 374 2500 propinquum
395 2419 496 2498 potius
518 2425 548 2479 et
576 2418 705 2479 amicum
724 2434 814 2496 quam
834 2416 964 2477 vicinum
991 2419 1172 2482 defenderis.

99 2589 111 2642 l
137 2591 162 2654 3,
189 2591 204 2640 8
229 2591 308 2659 φιλία
331 2588 388 2642 ἐστὶ
410 2593 461 2658 μία
485 2585 560 2656 ψυχὴ
584 2587 615 2642 ἒν
653 2585 805 2640 'catanien
818 2586 969 2640 wiederbolt
982 2590 1104 2656 Clebier,
1113 2595 1175 2645 weil

100 2658 182 2711 δυοῖν
193 2655 331 2723 σώμασιν.
668 2656 844 2721 auchdaraus,
864 2657 923 2708 dass
941 2661 1114 2725 gegenseitige
1126 2662 1174 2712 llr-

136 2731 164 2778 4.
181 2725 615 2791 earduus,altasw1sjedemvon
667 2726 825 2787 mahnnugen
848 2741 872 2774 n.
897 2742 917 2776 s.
941 2741 974 2780 w,
991 2727 1130 2781 besonders
1148 2732 1173 2781 in

101 2811 150 2846 aas
163 2795 257 2845 thener
269 2795 313 2844 ist.
668 2793 714 2842 der
726 2791 911 2843 Frenndsclmft
922 2794 976 2845 ihre
988 2796 1071 2848 Stella
1084 2799 1175 2860 finden,

138 2864 162 2911 t.
189 2865 307 2929 occupati
329 2866 355 2912 et
377 2865 437 2912 eunt
453 2865 478 2911 at
494 2861 614 2926 suerunt.
668 2858 742 2923 turgt,
763 2861 822 2910 dass
845 2861 886 2911 dic
910 2861 956 2912 auf
974 2863 1118 2916 Gleichheit
1130 2869 1176 2918 der

100 2931 186 2984 Unter
210 2931 298 2981 diesen
322 2931 439 2980 ver-steht
462 2926 553 2980 Cicero
573 2930 615 2979 die
668 2929 938 2992 Sittengegriindeteu
958 2931 1175 2986 Freundscmften

102 2997 247 3061 Graceben,
259 2995 613 3062 cndlina‚t310dius,caesar,
668 2997 708 3047 die
721 2998 916 3060 angenebmsten
929 3000 995 3050 siud.

76 3079 81 3086 ’
102 3075 181 3117 unter
201 3065 280 3130 jenen
298 3067 423 3117 Antonius
449 3067 500 3115 und
526 3065 614 3115 seinen
704 3065 743 3114 18.
762 3067 902 3130 confugere
930 3068 967 3117 ist
986 3063 1065 3128 ἅπαξ
1086 3073 1175 3137 εἰρημ.

103 3136 221 3198 Anhang.
669 3132 709 3181 bei
724 3131 823 3194 Cicero,
846 3133 896 3182 wie
916 3137 1050 3200 retegatur
1073 3139 1104 3188 de
1123 3139 1175 3188 div.

140 3205 181 3255 ll.
199 3203 333 3318 spectatio
350 3215 403 3264 noa,
423 3208 548 3252 erwartet
565 3215 614 3250 von
668 3198 732 3260 132,
746 3199 787 3248 to.

102 3287 152 3322 nns
166 3267 413 3321 llilenndScbutz.
704 3267 744 3318 tt.
779 3267 976 3320 necessitudines
999 3271 1101 3322 boissen
1125 3273 1178 3321 alle

142 3338 183 3391 12.
201 3339 261 3387 bene
273 3339 445 3388 convenientos
459 3351 538 3404 prop„
549 3335 616 3388 Ver·
669 3334 880 3398 Verbindungen,
905 3325 946 3387 die
969 3354 1016 3387 uns
1035 3339 1092 3390 eine
1110 3339 1177 3389 Ver-

105 3407 219 3469 wandte,
243 3405 291 3455 mit
312 3406 391 3455 denen
413 3405 462 3454 wir
486 3405 513 3455 in
530 3412 616 3467 gutum
670 3403 810 3468 pilichtung
821 3403 866 3452 der
879 3403 965 3455 rtem
977 3405 1109 3470 anilem,
1128 3409 1177 3456 wie

106 3475 313 3525 Einvcrnebmen
332 3475 430 3524 steben.
450 3488 474 3537 p.
496 3470 520 3522 S.
538 3471 614 3522 ilaec.
670 3469 908 3536 Verwandtschaft,
922 3472 1120 3539 freuxdscbaft,
1132 3475 1177 3524 das

106 3545 149 3605 34,
162 3541 196 3591 96
208 3544 235 3591 et
250 3543 387 3608 propinqui
403 3544 551 3606 eognrdiqoe
572 3556 617 3608 op·
671 3539 834 3591 Verhiiltniss
852 3540 897 3590 des
916 3541 1103 3610 Vorgesetzten
1121 3559 1177 3592 zum

104 3615 171 3661 tim
182 3611 360 3660 convertimetee.
489 3604 493 3618 ’
671 3606 865 3670 Untergebenen
877 3609 928 3657 und
940 3611 1101 3662 aehnliches.

143 3677 184 3729 12.
205 3678 415 3741 Quamobrem,
434 3675 487 3734 val.
500 3678 616 3741 quocirca
706 3675 747 3725 22.
780 3679 896 3741 tempora
914 3677 972 3727 sind
990 3681 1095 3731 {iussere
1113 3680 1179 3731 Ver·

106 3745 178 3812 5³3.
671 3742 812 3803 hdltnisse,
838 3743 985 3810 timidone,
1016 3750 1080 3798 aucb
1103 3748 1179 3811 abse-

144 3815 185 3866 17.
202 3817 288 3879 estque
298 3828 329 3864 ea
344 3811 536 3864 fecundatum.
558 3811 617 3861 Die·
671 3813 749 3861 seben
761 3827 810 3861 von
823 3812 868 3862 der
880 3811 946 3878 Zeit,
961 3816 1012 3879 vgl.
1026 3818 1180 3882 ternporidme

107 3897 153 3932 sen
183 3883 263 3933 sebon
292 3881 356 3932 oben
380 3880 616 3945 ansgesproebenen
670 3876 850 3944 adducti§39‚
863 3881 1180 3951 ehensotempttslll§1tl.

162 3963 237 4007 Cicero
252 3962 280 4006 de
294 3964 379 4008 officiis.
402 3968 424 4012 4.
437 3963 495 4007 Auf.
951 3967 967 4018 5
