2768 4506
415 202 460 254 nu
475 203 610 256 osricus
622 202 681 256 nn.
693 204 711 256 1.
730 204 802 274 cer,
816 207 841 255 a.
853 207 877 256 5.
1137 209 1176 270 41

101 357 233 430 nonsit,
249 364 351 420 tamen
367 359 527 418 honestum
543 365 598 432 est,
615 358 755 438 quodque
768 377 837 420 vere
853 358 988 432 dicimus,
1013 359 1101 421 etiam
1123 361 1148 428 si
1164 379 1180 420 a

102 443 188 504 nullo
204 443 351 517 laudetur,
368 452 473 504 natura
490 462 556 504 esse
571 442 726 504 laudabile.

191 527 334 588 Formam
350 528 471 608 quidem
487 528 592 607 ipsam,
606 526 703 588 Marce
717 527 767 599 fili,
785 537 815 588 et
830 535 982 608 tamquam
997 528 1104 590 faciem
1121 531 1179 590 ho·
1196 543 1215 594 5

101 611 186 672 nesti
202 611 296 682 videS,
311 632 385 691 quae
400 612 425 673 si
443 612 534 672 oculis
551 621 736 685 cerneretur,
760 612 909 674 mirabiles
925 631 1059 686 amores,
1083 623 1117 674 ut
1141 614 1181 676 ait
1201 631 1235 679 15

61 708 77 756 5
99 697 195 766 Plato,
212 697 352 758 excitaret
366 697 539 776 sapientiae.
576 697 634 758 Sed
655 715 761 771 omne,
782 699 861 777 quod
884 707 929 759 est
949 700 1124 770 honestum,
1149 700 1179 760 id

101 789 250 860 quattuor
270 782 401 860 partium
423 782 518 842 oritur
539 783 703 862 exaliqua.
736 783 796 842 Aut
816 784 897 844 enim
916 783 948 843 in
969 783 1180 863 perspicientia

100 865 167 926 veri
182 865 372 946 sollertiaque
387 876 533 939 versatur,
549 874 601 926 aut
615 867 647 927 in
661 867 817 929 hominum
834 869 976 930 societate
996 869 1109 930 tuenda
1125 869 1180 932 tri·

102 951 287 1030 buendoque
298 970 387 1013 suum
401 949 507 1030 cuique*
519 959 550 1012 et
561 971 662 1014 rerum
675 959 894 1020 contractarum
904 953 971 1025 lide,
984 953 1077 1013 autin
1089 954 1180 1014 animi

101 1036 214 1096 excelsi
230 1043 321 1115 atque
332 1035 434 1098 invicti
445 1036 649 1116 magnitudine
662 1056 697 1097 ac
706 1036 824 1114 robore,
838 1037 931 1099 autin
944 1038 1090 1108 omnium,
1104 1057 1180 1117 quae

45 1134 79 1183 10
100 1121 182 1181 fiunt
197 1139 334 1199 quaeque
351 1121 505 1194 dicuntur,
526 1121 630 1182 ordine
646 1130 676 1181 et
691 1123 794 1193 modo,
815 1122 848 1184 in
864 1142 922 1202 quo
936 1123 1017 1183 inest
1032 1123 1180 1184 modestia

102 1213 134 1266 et
149 1205 358 1284 temperantia.
390 1206 471 1278 Quae
486 1216 628 1285 quattuor
642 1224 822 1286 quamquam
838 1208 917 1269 inter
932 1227 964 1268 se
980 1207 1113 1286 colligata
1134 1217 1181 1268 at-

102 1309 165 1369 que
180 1289 329 1368 implicata
345 1300 433 1362 sunt,
458 1298 558 1352 tamen
579 1310 616 1352 ex
638 1291 763 1370 singulis
784 1300 864 1353 certa
887 1291 1053 1354 officiorum
1074 1310 1180 1370 genera
1225 1340 1231 1350 ,

101 1384 280 1446 naseuntur,
297 1377 376 1436 velut
391 1395 427 1436 ex
442 1395 474 1438 ea
491 1384 584 1455 parte,
601 1395 676 1455 quae
691 1376 787 1455 prima
809 1377 956 1457 descripta
980 1387 1039 1451 est,
1066 1379 1098 1438 in
1121 1395 1180 1458 qua

101 1460 282 1538 sapientiam
300 1470 329 1520 et
342 1461 532 1540 prudentiam
548 1461 698 1540 ponimus,
713 1462 793 1522 inest
807 1462 958 1541 indagatio
971 1471 1061 1542 atque
1076 1463 1180 1523 inven-

42 1565 73 1614 15
97 1545 142 1604 tio
159 1545 231 1614 veri,
249 1545 373 1624 eiusque
387 1546 505 1608 virtutis
519 1547 578 1606 hoc
589 1564 699 1607 munus
712 1555 757 1608 est
768 1547 932 1626 proprium.
954 1549 993 1609 Ut
1005 1548 1083 1608 enim
1097 1547 1181 1626 quis·
1203 1557 1237 1606 16

100 1649 163 1709 que
180 1629 309 1690 maxime
324 1631 474 1710 perspicit,
490 1632 561 1710 quid
577 1629 609 1690 in
625 1649 659 1691 re
674 1649 792 1711 queque
806 1631 994 1693 verissimum
1007 1633 1055 1704 sit,
1068 1633 1179 1712 quique

100 1714 276 1776 acutissime
293 1724 322 1776 et
337 1715 491 1776 celerrime
502 1723 602 1795 potest
617 1723 646 1776 et
660 1715 760 1777 videre
776 1724 806 1776 et
821 1717 966 1796 explicare
980 1717 1138 1794 rationem,
1155 1717 1180 1776 is

99 1798 357 1879 prudentissimus
370 1808 399 1860 et
411 1801 650 1880 sapientissimus
666 1801 724 1861 rite
733 1800 837 1862 haberi
849 1803 934 1862 solet.
957 1801 1102 1873 Quocirca
1112 1801 1181 1862 huic

100 1883 190 1963 quasi
206 1883 338 1957 materia,
355 1903 445 1964 quam
461 1893 569 1947 tractet
584 1894 614 1945 et
627 1885 660 1945 in
676 1904 733 1966 qua
749 1894 899 1958 versetur,
921 1887 1052 1948 subiecta
1068 1894 1114 1948 est
1129 1905 1179 1947 ve-

41 1984 74 2034 20
94 1969 186 2030 ritas.
220 1968 353 2049 Reliquis
375 1978 477 2030 autem
496 1971 591 2033 tribus
613 1971 773 2032 virtutibus
799 1971 990 2033 necessitates
1011 1971 1181 2050 propositae
1204 1981 1236 2032 tt

112 2123 173 2212 '35
183 2161 307 2212 Formam
321 2166 346 2212 et
359 2165 492 2227 tanlquam
506 2163 616 2226 sacient:
671 2161 837 2226 genaulgkeit
860 2163 904 2213 des
928 2161 1089 2225 Ausdrueks,
1113 2162 1182 2212 wohl

92 2234 205 2299 soma,
215 2229 257 2279 die
267 2229 377 2293 Gestelt,
387 2231 433 2280 der
441 2231 547 2281 dussere
558 2228 617 2280 Um*
671 2229 821 2281 vernulosst
832 2231 911 2280 durch
924 2231 971 2279 den
984 2229 1181 2282 Zwisehensatz

99 2300 162 2361 ries,
182 2297 251 2348 steht
267 2297 353 2360 hiiullg
367 2300 432 2348 auch
442 2314 491 2349 von
502 2298 618 2348 abstrac·
671 2301 699 2348 iu
707 2313 757 2363 qua
767 2325 798 2334 -
807 2300 937 2364 ponimur,
951 2299 1017 2348 deun
1027 2299 1091 2349 nach
1103 2315 1139 2348 ece
1150 2315 1181 2348 eu

99 2376 147 2418 ten
163 2365 303 2430 Beqrilfen,
321 2365 337 2430 ᾖ
352 2367 414 2428 1033
428 2369 520 2433 facies
531 2366 567 2416 ist
580 2366 617 2417 ei·
668 2371 745 2432 purte
756 2365 833 2415 sollte
846 2364 931 2428 lolgen
945 2369 1072 2416 nuscitur.
1096 2369 1181 2417 dehu-

98 2433 222 2498 gentlicl
247 2433 287 2483 die
304 2432 412 2496 Fl'aielre,
439 2435 537 2485 welche
562 2434 617 2484 siclt
671 2433 721 2484 liet
734 2430 765 2484 lll
779 2431 795 2496 ᾖ
808 2433 840 2482 33
863 2435 1084 2498 exsuperioribus
1106 2432 1183 2486 libris

100 2505 160 2554 dem
174 2499 262 2551 Blieke
282 2509 370 2552 zuerst
388 2501 532 2566 derbietet,
550 2504 616 2552 darn
670 2503 736 2551 satie
744 2500 1045 2568 multuprueeeplueuut,
1058 2500 1184 2570 liirpruo-

100 2569 271 2631 dasAntlit23
282 2584 310 2619 es
320 2569 617 2628 kliunteelsoltiernicltt
671 2573 745 2636 cepta
754 2570 809 2634 peti
816 2572 933 2635 poscunt.
1081 2599 1082 2604 =

101 2640 171 2690 ohne
180 2641 310 2702 tamquam
320 2638 418 2688 stenen.
432 2639 491 2702 Vgl.
502 2637 614 2702 atrro.
706 2630 746 2690 16.
765 2639 867 2703 quique:
891 2642 957 2687 etutt
977 2639 1124 2704 utquisque
1147 2654 1182 2688 zu

140 2707 166 2756 4.
180 2709 210 2755 ut
221 2709 260 2756 ait
270 2705 357 2756 Pluto:
372 2705 530 2771 Phaedrusp.
538 2705 616 2756 2501)
670 2705 854 2770 wiederholen,
878 2697 1019 2756 tieriindert
1031 2706 1083 2756 Cio.
1100 2707 1180 2756 unbe-

102 2768 175 2840 ὅψις
191 2769 261 2841 ἡμῖν
278 2769 394 2838 ὀξυτάτη
412 2775 465 2826 τῶν
491 2769 537 2824 διὰ
565 2774 616 2824 τοῦ
670 2774 780 2824 deutend
804 2774 845 2824 die
869 2773 1067 2835 Construction,
1091 2774 1183 2826 woher

101 2836 235 2910 σώματος
260 2837 366 2926 ἔρχεται
393 2837 566 2906 αἰσθήσεων,
596 2828 615 2914 ᾗ
670 2841 735 2892 donn
750 2841 881 2892 dieForm
899 2839 1114 2893 desNaeheatzes
1132 2857 1183 2892 nur

100 2903 245 2981 φρόνησις
257 2926 311 2974 oux
323 2905 429 2978 ὁρᾶται,
446 2906 551 2967 δεινοὺς
561 2907 616 2978 γὰρ
670 2910 725 2962 dem
738 2910 847 2960 zwelteu
859 2910 1018 2962 Verdersatz
1030 2911 1181 2976 entsprieht.

100 2979 138 3032 ιῖν
149 2981 284 3049 παρεῖχεν
293 2978 399 3048 ἔρωτας,
416 2981 443 3030 εἴ
455 2995 480 3028 τι
491 2978 616 3031 τοιοῦτον
669 2979 729 3040 Vgl.
741 2977 763 3028 ll
775 2977 791 3042 ᾗ
803 2977 844 3028 21.

101 3047 201 3111 ἑαυτῆς
216 3045 326 3116 ἐναργὲς
339 3045 455 3098 εἴδωλον
467 3049 614 3126 παρείχετο
704 3047 744 3096 18.
762 3045 884 3108 Quocirca
895 3049 966 3097 leuto:
976 3045 1059 3096 Ueber
1069 3045 1110 3096 die
1119 3045 1183 3095 Eiu-

100 3121 141 3174 εἰς
151 3112 223 3180 ὄψιν
232 3107 284 3166 ἰόν.
308 3117 436 3182 supientia
448 3115 484 3165 ist
496 3116 536 3165 dre
550 3116 615 3166 nuelt
669 3114 788 3180 theilung
799 3115 846 3164 der
858 3113 996 3178 Tngeuden
1009 3115 1035 3163 in
1055 3113 1180 3168 theoreti-

100 3189 150 3238 der
160 3182 340 3242 sokratisolren
348 3182 613 3246 LehreullerTugend
669 3184 731 3232 eche
742 3184 793 3232 und
806 3181 954 3246 praktieche
967 3198 988 3232 s.
1000 3181 1068 3232 Einl.
1081 3181 1097 3247 ξ
1110 3181 1152 3232 28.

100 3272 135 3305 zu
157 3251 263 3303 Grunde
284 3251 401 3314 liegende
423 3251 554 3304 Weislueit
583 3253 613 3314 (s.
704 3249 746 3300 20.
764 3252 930 3302 necessitates
949 3253 1098 3318 properatae
1118 3253 1180 3300 suut

100 3320 195 3388 5153),
207 3319 249 3370 die
259 3320 376 3371 hierCie.
386 3336 418 3370 en
430 3320 558 3370 diestelle
568 3319 616 3370 der
669 3317 705 3368 ud
715 3333 805 3369 sueres
813 3317 1182 3386 parandaetuendasquuqut-

100 3388 208 3454 Tngend
222 3388 305 3439 selbot
315 3395 412 3452 retute3
433 3389 485 3451 vgl.
497 3389 528 3437 de
539 3389 580 3438 fin.
593 3386 615 3439 ll
669 3388 717 3438 due
728 3389 795 3438 aetio
806 3388 873 3436 uitae
886 3388 1029 3436 continetur·
1046 3385 1122 3448 ‘liegt
1135 3385 1178 3435 die

104 3454 391 3523 temptaturumque)
401 3459 614 3574 equ'entiemuou
668 3454 783 3517 Ausgabe
797 3454 836 3517 ob,
849 3452 891 3504 lilr
902 3455 944 3504 die
954 3453 1119 3515 Beselallung
1128 3453 1182 3502 und

101 3527 243 3589 cominius,
252 3524 382 3590 quumillu
391 3541 423 3575 ur
440 3529 614 3576 erdeeumorer
669 3522 814 3586 Erhultung
825 3523 870 3572 der
882 3521 963 3586 Dinge
976 3537 1007 3570 zu
1020 3535 1122 3583 surgen,
1135 3519 1185 3570 auf

102 3592 477 3658 acutarumqurumtur.
632 3633 634 3639 .
669 3592 711 3645 die
723 3591 779 3642 sich
791 3591 834 3640 die
845 3590 937 3642 Praxis
958 3589 1003 3640 des
1016 3587 1115 3640 Lebens
1134 3588 1179 3639 be-

140 3665 180 3715 11.
193 3664 261 3711 inter
272 3658 444 3725 recolligatur:
458 3661 547 3711 eodass
557 3661 638 3713 man¹
668 3653 754 3711 zieht’.
790 3658 861 3710 Aber
884 3657 930 3710 uui
951 3658 993 3708 die
1015 3657 1184 3719 Besclmllung

101 3728 614 3794 niehteineTugendlresondersbesitzen
668 3728 719 3777 und
732 3726 876 3790 Erlsaltung
887 3726 973 3777 dieser
986 3726 1065 3790 Dinge
1078 3725 1186 3776 bezieht'

101 3799 183 3861 kunn3
196 3813 217 3847 s.
230 3797 300 3848 Einl.
313 3794 330 3860 ὅ
344 3797 383 3848 18.
668 3795 722 3846 siclt
735 3794 799 3844 doch
810 3811 860 3844 nur
872 3795 913 3844 die
924 3793 1120 3858 Gereehtigkeit
1128 3795 1179 3843 ned

138 3867 178 3920 13.
191 3882 227 3916 ee
238 3881 269 3916 eu
279 3869 355 3932 perte
366 3895 389 3904 -
403 3867 481 3915 inest:
494 3864 551 3914 eine
564 3862 615 3914 Un-
668 3862 796 3914 theilweis
809 3862 851 3914 die
863 3862 959 3914 lloheit
970 3864 1016 3913 der
1028 3861 1111 3924 Seele,
1124 3861 1182 3912 kei-
