2768 4498
395 204 438 254 DE
452 202 589 256 osricus
603 203 663 256 LlB.
676 203 694 254 l.
721 203 793 255 CAP.
808 205 849 256 39.
1114 207 1151 268 91

82 361 188 438 gisque
203 359 242 420 de
256 357 404 420 industria
419 357 450 418 in
466 358 497 420 C.
514 358 636 420 Caesare
651 357 683 418 L.
700 359 749 420 1“.;
763 367 793 419 at
807 359 903 420 isdem
917 359 1102 439 temporibus
1124 361 1156 421 in

82 445 119 506 M.
141 445 256 505 Scauro
277 453 307 504 et
335 444 368 504 in
387 443 426 503 M.
448 443 546 504 Druso
577 443 765 504 adulescente
787 444 943 522 singularis
959 445 1108 515 severitas,
1124 446 1157 505 in

84 530 115 590 C.
131 529 232 590 laelio
248 528 341 591 multa
356 528 497 603 hilaritas,
521 529 553 589 in
570 529 634 590 eius
650 529 787 590 familiari
802 529 939 608 Scipione
955 530 1077 591 ambitio
1093 549 1158 592 ma-

81 615 139 687 ior,
155 615 216 674 vita
231 614 355 675 tristior.
379 612 545 674 DeGraecis
561 623 661 676 sutem
677 614 796 675 dulcem
811 622 841 674 et
855 615 983 676 facetum
1000 615 1157 694 festivique

51 712 65 760 5
83 699 236 760 sermonis
266 707 354 777 atque
384 698 416 774 in
439 698 522 783 omni
538 699 673 760 oratione
693 698 908 772 simulatorem,
928 719 1017 778 quem
1038 691 1158 782 εἴρωνα

83 785 188 852 Graeci
204 785 409 856 nominarunt,
426 784 579 844 Socratem
594 785 776 862 accepimus:
798 793 900 846 contra
916 783 1112 864 Pythagoram
1128 794 1158 846 et

83 869 226 930 Periclem
244 887 391 930 summam
411 869 616 930 auctoritatem
638 871 815 936 consecutos
844 869 909 930 siue
924 870 982 930 ulla
997 871 1156 931 hilaritate.

84 955 230 1016 Callidum
246 953 442 1015 Hannibalem
458 973 493 1014 ex
507 955 689 1026 Poenorum,
704 974 740 1015 ex
754 953 865 1016 uostris
882 953 1007 1016 ducibus
1023 953 1156 1027 Ollari-

82 1145 103 1192 1.
120 1142 172 1192 663
191 1141 256 1204 (91).
275 1142 345 1192 Brut.
365 1143 408 1206 41,
428 1143 476 1194 113
493 1143 595 1194 duabus

81 1215 166 1276 igrw
182 1213 308 1275 summis,
328 1209 420 1261 Crasso
435 1215 459 1261 ei
475 1214 594 1273 Antonio,

81 1279 108 1330 L.
133 1278 271 1346 Philippus
291 1281 432 1346 promimus
452 1280 595 1342 accedebat,

81 1347 126 1398 sed
141 1346 219 1412 lango
240 1345 374 1397 interuallo
396 1351 482 1398 tamen
498 1350 594 1414 proni·

81 1431 173 1465 mas-
183 1429 289 1464 summa
306 1414 410 1466 libertas
426 1417 454 1464 in
472 1420 594 1479 oratione,

81 1483 178 1533 multae
196 1482 320 1548 facetiae,
337 1485 401 1533 satis
417 1485 504 1535 araim
516 1488 543 1534 in
555 1500 595 1535 re·

77 1549 219 1620 pariendis,
225 1549 323 1602 solatus
332 1554 359 1600 in
369 1552 529 1618 replicandis
536 1569 594 1602 sen-

81 1621 177 1683 tentiis,
189 1624 247 1669 arai
257 1621 335 1670 otram
349 1623 479 1686 inprimis,
491 1625 520 1670 ut
531 1625 596 1672 ron-

78 1684 269 1755 pariturium,
292 1686 395 1738 Graecis
412 1687 538 1739 doctrinis
557 1691 595 1737 in-

81 1759 203 1817 stitutus,
223 1757 252 1804 in
269 1753 414 1806 alter‘oando
434 1773 493 1807 oum
508 1757 594 1822 aliquo

82 1823 171 1874 aculeo
184 1827 209 1872 et
220 1822 357 1874 amledicto
363 1825 476 1890 saraim.

117 1893 139 1942 1.
166 1891 197 1941 de
210 1890 351 1957 industria,
363 1892 525 1942 ubsiolrtliclr.

118 1959 143 2010 C.
157 1958 246 2009 Iulius
262 1959 358 2009 Caesar
369 1959 467 2022 Strabo,
480 1961 595 2012 mittem

80 2027 595 2095 BeiramenVopiscusodchesquiculus,

83 2096 160 2146 Aedil
177 2097 212 2145 im
224 2097 249 2146 J.
261 2097 313 2146 664
326 2096 392 2161 (90),
409 2097 536 2148 warstein
549 2099 595 2148 der

83 2164 329 2230 Proscriptiou.des
349 2164 449 2216 Murius
470 2166 595 2230 gestitet,

83 2249 103 2283 s.
117 2231 134 2298 6
149 2233 213 2293 133;
227 2233 258 2282 de
271 2250 307 2283 cr.
320 2230 351 2282 111
364 2233 387 2294 3,
403 2237 443 2285 10.
464 2233 515 2284 llrru
527 2235 595 2284 wird

83 2303 122 2352 ilie
134 2299 307 2364 abhandlung
323 2299 387 2351 iiber
404 2303 453 2352 dcn
472 2302 544 2353 Witz
562 2303 594 2352 de

84 2376 147 2420 orat.
161 2369 183 2419 ll
197 2387 219 2420 c.
229 2369 298 2420 soff.
312 2371 337 2419 iu
351 2370 398 2420 deu
407 2370 486 2420 Muud
499 2371 592 2432 galaat.

83 2439 153 2488 Brut.
169 2438 276 2500 48,1’1’1
288 2439 436 2504 fastivitate
451 2443 474 2488 ai
482 2441 593 2506 facetiis

87 2507 112 2556 C.
131 2505 216 2556 lulius
233 2503 263 2556 L.
284 2505 314 2557 F.
333 2509 357 2556 et
380 2508 557 2572 superioribas
569 2511 594 2556 st

83 2575 232 2638 upsaliam
248 2577 304 2624 suas
320 2575 436 2626 erunibus
452 2577 593 2640 prr-asstitit,

83 2646 218 2706 aratorque
235 2643 297 2707 suit
312 2645 419 2692 minima
435 2643 477 2693 ille
494 2643 592 2709 quidem

83 2711 224 2773 emanans,
237 2709 284 2759 sed
295 2725 368 2760 aomo
379 2726 503 2775 amquam
514 2713 592 2762 uria-

83 2782 171 2840 ortua,
183 2792 258 2828 namo
270 2777 365 2846 lepore,
382 2794 455 2830 amno
466 2782 594 2830 maraste

84 2847 220 2898 conditior.

115 2915 199 2967 isdem
225 2915 383 2982 temporibus
400 2916 435 2966 ist
457 2913 502 2965 suf
519 2916 594 2964 einen

84 2991 166 3034 etwas
175 2985 313 3047 grosso-en
323 2983 452 3034 Zeitraam
466 2999 497 3032 zu
510 2982 595 3033 bozic-

83 3054 142 3114 heu‚
155 3053 188 3101 du
201 3051 313 3102 Scaurus
323 3050 413 3102 Bliitlrc
425 3051 451 3100 ie
464 3051 506 3101 cin
519 3052 595 3100 Jahr-

85 3122 162 3170 zelmt
178 3117 269 3170 trahes
288 3117 349 3170 fillt
368 3120 408 3169 als
427 3119 468 3169 die
485 3120 532 3170 der
549 3135 594 3182 ge-

85 3196 210 3252 neratae,
229 3187 278 3236 und
291 3186 332 3238 bei
344 3187 444 3238 Drusus
456 3186 594 3238 Aultrotcu

86 3271 114 3306 er
125 3257 204 3307 schoa
216 3254 275 3306 todt
286 3270 350 3305 war.

119 3325 144 3375 2.
169 3322 206 3376 Μ.
225 3321 356 3374 Scaurus:
373 3323 389 3388 ξ
404 3325 446 3374 16.
469 3325 539 3374 Brut.
553 3323 595 3384 29,

85 3394 175 3445 llla‘n
198 3389 296 3442 Scauri
318 3394 448 3454 aratione,
470 3393 595 3458 sapientis

82 3463 194 3512 nominis
205 3464 230 3509 et
241 3462 314 3524 recti,
323 3463 444 3524 pandas
455 3474 558 3511 samma
570 3463 595 3509 ct

81 3528 213 3580 natwalis
219 3527 344 3592 maedam
349 3530 433 3578 inerat
446 3531 594 3591 auctoritas,

81 3613 131 3648 non
147 3601 177 3648 ut
193 3612 303 3648 causam
318 3596 363 3646 sod
379 3601 407 3646 ut
424 3599 596 3646 testimonium

81 3665 165 3716 dicere
174 3669 295 3732 putaras,
308 3680 368 3715 oum
377 3680 426 3730 pro
437 3679 483 3716 rso
494 3664 595 3715 dirorm

81 3735 193 3785 Scaurus
213 3747 269 3783 war
287 3733 328 3783 eie
346 3732 449 3783 Breund
468 3734 514 3783 der
532 3733 596 3782 stoi-

82 3803 158 3853 selreu
172 3801 348 3866 Philosophia.

115 3869 149 3923 M.
171 3870 263 3922 Liuias
283 3868 396 3924 masur.
428 3868 481 3920 ller
499 3867 595 3952 Busetz

650 1141 894 1207 adrumetinorum,
913 1143 972 1194 dass
991 1145 1036 1194 der
1049 1143 1158 1208 jiingerc

650 1211 736 1262 d'oses
753 1211 864 1262 Nemees
881 1213 992 1275 gemeiet
1011 1213 1053 1262 ist.
1085 1213 1156 1262 Brut.

650 1227 690 1343 ol,
704 1279 755 1328 222
772 1279 806 1328 M.
824 1279 1087 1346 Drusum-grauem
1099 1296 1159 1332 ora-

649 1349 731 1397 torem
743 1350 782 1396 ita
793 1347 948 1411 dumtaoeat,
961 1365 1018 1399 oum
1030 1348 1061 1398 da
1071 1365 1100 1399 ra
1108 1364 1157 1416 pu·

649 1413 716 1465 blica
728 1415 829 1466 diceret.
859 1415 996 1466 Brsuchtc
1008 1418 1048 1467 als
1060 1415 1158 1466 Trihun

649 1483 684 1533 im
693 1483 717 1532 1.
727 1483 777 1533 663
788 1483 842 1546 (91)
854 1484 1001 1546 vcrgcblich
1010 1486 1088 1534 durch
1098 1499 1159 1534 ver-

649 1551 785 1601 mittelude
796 1552 964 1617 Vorschltige,
976 1553 1026 1603 wie
1036 1553 1159 1604 Vertlrei-

649 1620 710 1682 lang
727 1619 773 1670 der
791 1621 912 1672 Gerichtc
935 1622 1062 1671 zwiseheu
1081 1623 1158 1671 Seuet

649 1686 699 1736 und
712 1686 822 1752 austero,
839 1689 1008 1752 Ausseudung
1020 1705 1070 1740 voa
1082 1690 1158 1740 Colo·

650 1757 718 1818 nien,
737 1756 894 1817 Verleilrung
911 1757 955 1806 des
973 1758 1157 1821 Biirgcrrcolrts

649 1840 681 1874 en
693 1823 734 1872 iio
750 1822 841 1887 ltuler,
858 1825 901 1874 die
918 1824 1078 1875 streitenden
1096 1825 1170 1884 Pur<

649 1893 720 1943 taien
733 1907 765 1940 zu
777 1893 936 1958 versihuen,
953 1894 1003 1942 und
1017 1895 1102 1943 warde
1116 1909 1156 1943 er-

650 1961 758 2022 mordet,
776 1962 808 2011 da
822 1976 851 2011 er
863 1961 918 2010 sielr
928 1961 973 2010 mit
985 1962 1033 2011 deu
1046 1961 1158 2010 Bundcs-

650 2031 774 2092 gouossen
787 2029 814 2078 iu
826 2030 941 2092 gulielmo
954 2028 1159 2080 Uuterlrsudluu-

649 2097 956 2160 geneisgelassenhette.
1033 2107 1045 2122 ⁴

682 2165 708 2214 3.
735 2164 927 2216 GLaeliusrz.
943 2165 1013 2231 §aa

683 2235 800 2294 ambitio,
845 2232 1156 2298 Meuschcugel'rilliglroit

648 2299 879 2351 lliielsiohteahme
905 2316 986 2365 gagen
1004 2303 1098 2353 Andre.
1126 2303 1158 2352 sd

649 2369 694 2434 Qu.
715 2367 746 2418 fr.
765 2368 776 2418 1
795 2372 816 2430 1,
836 2369 864 2418 11
881 2372 1039 2436 praesertim
1055 2385 1113 2420 cam
1130 2372 1159 2419 m·

646 2451 732 2486 moras
744 2440 845 2487 tantum
857 2439 914 2486 iam
927 2437 962 2486 ad
972 2439 1084 2486 nimiam
1096 2437 1157 2488 leni·

648 2509 727 2555 tatem
741 2508 764 2554 et
772 2504 808 2554 ad
816 2505 979 2554 ambitionem
987 2506 1156 2556 incubuerint.

648 2571 750 2623 odiam.
766 2571 874 2635 Χ115,1
894 2571 962 2624 Nam
976 2589 1035 2622 oum
1046 2573 1124 2624 malti
1141 2590 1158 2624 a

647 2657 688 2691 me
697 2644 789 2708 petant
800 2640 892 2707 malta,
910 2656 960 2691 non
973 2643 1112 2704 committo,
1129 2646 1158 2692 at

649 2711 786 2760 ambitione
802 2725 860 2760 moa
876 2711 1023 2760 conturbem
1039 2711 1159 2774 officium

651 2783 734 2830 tuum.
999 2815 1003 2826 .

684 2847 706 2896 ὅ.
732 2847 825 2912 sipara:
849 2847 920 2896 Brut.
935 2845 976 2911 85,
990 2846 1038 2895 292
1056 2862 1115 2896 cum
1128 2847 1159 2897 de

648 2917 776 2980 sapiamia
792 2913 956 2981 disceptetur,
973 2916 1040 2964 dano
1055 2916 1105 2965 sibi
1115 2918 1159 2984 ip·

649 2998 709 3033 sam
721 2980 863 3046 detrahere,
875 2984 914 3030 eis
925 2984 1038 3033 traicere
1048 2981 1158 3034 illudan-

649 3055 710 3114 tem‚
722 3053 768 3114 pai
777 3066 836 3100 eom
847 3051 899 3100 sibi
907 3055 1038 3116 arrogant,
1051 3055 1080 3100 ut
1090 3051 1161 3118 apud

650 3118 785 3168 Platonem
796 3116 914 3168 Socrates
930 3121 957 3168 in
975 3117 1073 3168 caelum
1084 3119 1159 3184 effert

650 3185 770 3237 laudidus
794 3187 968 3248 Protagoram
984 3203 1045 3236 -so
1068 3190 1158 3237 autam

649 3257 765 3305 cranium
774 3269 861 3304 rerum
868 3256 981 3304 insciam
989 3254 1067 3319 fingit
1076 3259 1101 3304 et
1112 3269 1158 3304 ru·

649 3322 714 3373 dem,
738 3321 798 3386 vgl.
811 3322 888 3371 Acci.
904 3319 923 3370 ll
938 3323 962 3383 5,
977 3322 1017 3386 15,
1029 3337 1070 3370 wo
1082 3323 1158 3392 εἰρω-

649 3393 710 3452 νεία
733 3390 813 3440 durch
833 3389 1007 3440 dissimulatio
1025 3390 1157 3440 iiborsetzt

649 3459 693 3509 ist.

684 3529 707 3576 7.
731 3526 875 3576 Periclem:
888 3525 955 3575 Plut.
967 3524 1049 3574 Paci
1063 3517 1095 3575 οὐ
1106 3517 1155 3592 μό-

651 3611 699 3648 νον
712 3589 748 3650 ὥς
759 3593 829 3646 ἔοικε
842 3591 873 3644 τὸ
887 3585 1019 3663 φρόνημα
1038 3589 1160 3664 σοβαρὸν

649 3659 756 3714 καὶτὸν
771 3659 855 3728 λόγον
870 3658 978 3727 ὑψηλὸν
994 3658 1159 3728 εἶχε-ἀλλὰ

649 3733 696 3782 καὶ
707 3727 864 3801 προσώπου
877 3724 1007 3788 σύστασις
1019 3727 1160 3803 ἄθρυπτος

650 3801 809 3866 εῖςγέλωτα.

685 3867 708 3917 8.
736 3867 763 3929 Q.
777 3865 927 3918 Maximus:
940 3867 958 3933 6
971 3868 1010 3918 81.
