2748 4504
196 244 259 307 238
497 239 541 291 DE
553 239 690 294 urricus
703 238 763 291 nin.
775 239 817 290 lll.
834 237 907 292 CAP.
921 239 964 290 29.

128 410 177 460 107
196 398 309 460 infideli
334 398 401 458 data
422 397 478 466 sit,
506 395 625 456 videant
647 412 687 456 ne
710 401 869 474 quaeratur
890 394 1002 456 latebra
1024 394 1167 473 periurio.
1208 393 1271 470 [Est

195 491 296 546 autern
311 483 357 542 ius
374 481 463 542 etiem
477 479 616 541 bellicum
628 480 760 559 fidesque
774 479 848 541 iuris
863 479 981 540 iurandi
995 497 1084 557 saepe
1100 497 1170 540 cunr
1182 479 1271 540 hoste

195 567 354 643 servendu]
386 565 471 638 Quod
486 565 567 626 enirn
582 566 623 627 ita
639 566 770 626 iuratum
785 573 840 638 est,
864 573 896 626 ut
917 582 1003 626 rnens
1018 563 1191 642 conciperet
1205 563 1272 625 lieri

196 662 344 733 oportere,
367 651 395 712 id
411 650 591 712 servandum
608 658 668 724 est3
694 650 773 728 quod
790 649 885 720 aliter,
904 650 935 710 id
951 649 976 710 si
992 667 1054 710 non
1070 649 1184 722 lecerit,
1201 648 1274 709 nul·

195 739 257 800 lum
273 743 319 798 est
333 736 508 817 periurium.
540 735 578 796 Ut
591 735 617 796 si
639 734 841 814 praedonibus
863 743 983 814 pactum
1005 753 1059 814 pro
1082 733 1179 814 capite
1203 749 1310 813 pre-5

195 824 271 884 tium
287 839 347 882 non
362 821 506 893 attuleris,
522 821 603 882 nulle
618 821 698 882 fraus
714 828 773 892 est,
794 839 832 882 ne
848 820 874 882 si
888 819 1003 882 iuratus
1023 819 1145 900 quidem
1160 819 1192 879 id
1208 837 1273 879 non

196 907 312 970 leceris.
346 907 422 967 Nam
443 906 537 985 pirata
560 924 621 967 non
641 914 688 966 est
702 924 739 966 er
752 905 949 984 perduellium
969 923 1097 966 nunrero
1117 905 1273 976 definitus,

197 993 248 1054 sed
272 992 440 1054 communis
462 991 558 1052 hostis
581 991 725 1052 omniurn.
763 990 839 1052 Cum
860 991 917 1052 hoo
940 1009 997 1052 nee
1016 991 1090 1052 fides
1107 988 1200 1050 debet
1215 1007 1274 1051 nee

130 1085 178 1140 108
195 1078 242 1140 ius
258 1077 418 1140 iurandum
433 1095 501 1138 esse
516 1094 686 1138 commune.
712 1075 781 1136 Non
791 1075 871 1136 enirn
885 1076 994 1138 falsum
1006 1076 1103 1136 iurare
1115 1074 1274 1154 periurare

147 1197 153 1206 ·
198 1173 251 1238 est,
267 1164 320 1224 sed
336 1163 416 1242 qnod
431 1181 469 1222 rr
484 1181 566 1222 eninr
581 1179 628 1220 rur
641 1179 803 1222 sunrnnrre
811 1161 927 1236 iurans,
943 1159 1278 1239 sicntverbisconcipi-
1298 1175 1328 1223 ιο

197 1256 460 1318 turmorenostro‚
470 1247 499 1307 id
505 1265 567 1307 non
576 1247 672 1308 lacere
680 1247 845 1325 periurium
854 1253 908 1306 est.
921 1246 1001 1308 Seite
1010 1245 1089 1307 eninr
1098 1245 1274 1324 Euripides:

298 1332 402 1394 laudet
415 1334 522 1412 liupuu,
537 1341 660 1394 euntem
674 1335 834 1393 iniuratum
847 1347 925 1410 pero.

200 1418 329 1496 Regulus
351 1437 421 1480 vero
444 1436 508 1478 non
531 1417 635 1478 debuit
656 1416 848 1478 condiciones
870 1416 1083 1495 pactionesque
1105 1414 1228 1476 bellicus
1244 1423 1277 1476 et

131 1524 134 1527 ·
197 1504 320 1564 hostiles
336 1502 510 1583 perturbare
533 1502 674 1581 periurio.
706 1501 780 1564 Cum
796 1501 874 1563 iusto
890 1502 1016 1563 enimet
1034 1500 1167 1578 legitimo
1183 1501 1277 1562 hoste

236 1676 256 1724 1.
285 1674 331 1724 Eoi
357 1674 620 1726 auten-servanda.
660 1675 706 1726 llie
761 1679 813 1740 tue,
826 1677 857 1728 ut
869 1677 904 1726 su
914 1691 950 1726 ere
961 1690 1031 1725 uum.
1046 1675 1076 1724 de
1088 1673 1150 1726 or.l
1166 1674 1209 1737 23,
1225 1676 1276 1728 108

199 1739 292 1792 Warte
310 1738 397 1792 sttiren
415 1744 464 1793 den
481 1741 706 1808 Znsurnnrenhang.
761 1760 822 1798 nom
836 1746 861 1794 εἰ
873 1758 920 1793 ure
935 1745 972 1792 ita
988 1741 1124 1807 definitur,
1144 1759 1179 1793 ee·
1195 1745 1278 1794 rebus

200 1809 274 1874 Quod
284 1811 406 1860 enimito
415 1819 463 1862 cet
478 1811 707 1862 schliesntsielrun
759 1814 861 1880 penitus
880 1813 1020 1880 perspectis
1039 1811 1162 1877 planeque
1181 1815 1278 1878 ecgni-

198 1878 300 1929 an'deant
318 1895 349 1928 ne
365 1893 453 1944 quaer.
467 1877 565 1930 latebra
580 1881 647 1946 pert.
665 1894 707 1928 en.
761 1883 797 1930 tia
806 1911 836 1941 -,
853 1895 902 1930 non
912 1881 978 1930 midi
988 1879 1088 1930 andnim
1103 1894 1150 1930 cre
1162 1882 1279 1930 oratorie

198 1946 225 1998 ln
235 1948 290 1997 deur
300 1946 533 2011 Vorhergelrendcn
543 1948 580 1997 iet
592 1963 641 1997 von
652 1947 708 1997 den
761 1964 816 1999 esee
832 1947 895 1999 ullu
908 1975 941 1986 -
955 1947 1039 2000 Ueber
1054 1947 1193 2016 perduellis
1208 1964 1230 1998 s.
1254 1963 1277 1998 z.

199 2015 361 2068 Verbreclrer
372 2014 709 2081 (infidedeldiclledemicht
762 2015 799 2081 l}
811 2017 853 2066 37.
874 2015 938 2066 Wer
949 2017 1000 2066 wie
1013 2016 1053 2066 die
1065 2015 1171 2068 Stoiker
1180 2015 1203 2077 (l
1212 2032 1235 2065 c.
1250 2017 1277 2078 7)

198 2099 257 2136 vom
269 2081 442 2145 liriegsfeind.
466 2083 528 2132 Dein
544 2079 709 2146 ltriegsfeiad
762 2082 900 2134 diePiliclrt
910 2081 1157 2148 derGer-eehtigleit
1167 2099 1276 2134 nnrvon

199 2152 351 2215 mendice,
370 2153 419 2202 deu
430 2153 511 2202 tostis
522 2151 580 2202 lrier
592 2147 716 2200 bendere
762 2154 817 2203 deur
831 2149 994 2202 Bediirlninse
1005 2151 1051 2201 der
1060 2151 1198 2202 llensclrcn
1211 2152 1276 2201 neele

199 2228 251 2281 net,
291 2219 339 2268 wie
361 2220 407 2270 des
430 2218 637 2281 vorherpelrende
667 2219 709 2270 ius
761 2219 949 2270 mensehlicher
967 2217 1159 2271 Gemeinselrelt
1176 2220 1275 2270 herlei-

199 2287 317 2338 delle'eune
333 2287 414 2351 zeigt,
433 2288 470 2338 iet
487 2287 533 2338 der
550 2287 600 2338 Eid
617 2287 709 2340 irnrner
761 2295 813 2351 tet,
836 2285 879 2337 liir
899 2289 947 2338 den
965 2287 1072 2340 existirt
1093 2288 1164 2338 diese
1183 2288 1277 2338 Ptliclrt

199 2372 232 2405 zu
243 2354 339 2404 halten.
762 2357 827 2407 ench
839 2356 908 2406 nieht
920 2356 945 2405 in
956 2356 1040 2420 Bezug
1048 2355 1096 2407 ani
1105 2357 1153 2406 den
1165 2355 1277 2419 Edatur,

235 2423 259 2473 2.
284 2421 434 2487 fidesque-
445 2437 503 2473 eum
520 2425 591 2474 dueta
605 2440 709 2476 eoum-
762 2425 875 2476 welches
888 2425 933 2474 der
945 2431 1100 2488 gesumrnten
1113 2424 1277 2475 Meuselrlreit

200 2490 246 2542 du:
259 2489 344 2542 Pleut.
361 2491 453 2542 Psend.
466 2490 513 2556 13,
532 2492 578 2543 142
591 2496 616 2542 ei
625 2497 654 2543 tu
664 2509 710 2544 ur-
761 2491 899 2556 denlirieg
908 2492 1010 2544 erlldrt
1019 2495 1068 2543 und
1078 2491 1120 2542 liir
1129 2494 1202 2543 scine
1211 2491 1278 2543 Per-

196 2563 309 2626 geatum
325 2558 458 2622 attuleris,
482 2576 540 2610 eum
560 2560 605 2612 illo
622 2561 711 2630 perdi·
762 2577 810 2612 son
822 2563 867 2611 des
878 2561 945 2612 Band
957 2559 1206 2612 derGerneinseliust
1218 2576 1278 2610 eer-

199 2627 260 2678 dero
277 2626 363 2693 fidum.
391 2626 449 2678 Ter.
468 2626 569 2678 Pisonen.
587 2628 657 2694 111²,
676 2630 709 2680 27
763 2629 849 2679 reisst.
867 2628 1277 2692 Insoleruwenigsteushutcie.

199 2710 292 2760 nequeo
314 2711 425 2747 eoeorm
442 2699 472 2746 ut
493 2712 534 2746 me
556 2701 662 2748 maneat
684 2701 709 2748 et
763 2696 922 2748 elsollecht.

200 2763 543 2829 eumilloutmutetfidem.
762 2781 765 2788 ’
800 2768 839 2818 10.
856 2764 1278 2816 eoeouime‘eeulenta'uiststelren·

234 2833 259 2882 4.
277 2831 343 2896 quod
358 2831 443 2892 aliter,
460 2829 490 2880 ed
505 2834 532 2880 ei
547 2845 597 2880 aon
605 2832 710 2898 feeeee't,
764 2836 795 2886 de
816 2833 918 2884 Eornel
936 2833 978 2884 bei
998 2834 1065 2883 nllen
1086 2833 1278 2882 Eidesleistnn·

200 2897 302 2950 nullum
317 2902 357 2949 eet
372 2900 524 2963 ponpeium
542 2897 593 2948 llus
608 2900 645 2950 ist
656 2906 711 2952 sto·
763 2917 826 2967 gene
837 2900 991 2964 desudet,
1004 2901 1053 2953 146
1063 2902 1279 2965 quami-ationem

200 2966 272 3016 iscire
289 2966 385 3027 Lehre;
408 2963 478 3017 Stob.
497 2966 544 3016 ecl.
560 2967 610 3016 eth.
623 2984 646 3033 p.
661 2968 710 3019 '130
763 2973 893 3022 maiorum
908 2973 988 3020 etiam
1005 2970 1150 3037 coenprodat
1166 2969 1280 3036 diapen-

200 3031 230 3085 τὸ
257 3037 352 3102 μέντοι
381 3026 476 3099 ψεύδει
503 3033 568 3086 ποτὲ
596 3033 711 3108 suyppe}-
763 3041 810 3096 tia,
824 3041 869 3104 qui
876 3041 992 3106 primum
1003 3041 1092 3088 iurare
1106 3033 1150 3087 ‘eu
1162 3039 1207 3088 eui
1218 3053 1279 3087 aeu-

201 3107 306 3154 σασθαι
318 3104 464 3178 νομίζουσι
479 3099 528 3154 τὸν
539 3100 630 3172 σοφὸν
642 3103 710 3156 κατὰ
763 3109 802 3156 mi
828 3104 962 3159 eeaetentiu'
988 3121 1108 3172 quemque
1136 3104 1279 3169 mount,

200 3171 319 3229 πολλοὺς
348 3189 467 3240 τροπους
491 3167 570 3224 ἄνευ
589 3184 711 3239 συγκα-
764 3175 853 3226 dea'ude
864 3177 903 3224 ita
915 3178 1004 3238 teneri,
1016 3170 1052 3224 ‘ee'
1061 3173 1278 3241 eeiemsalleret’.

200 3240 712 3303 rutdoeoetd.i.udimeuenoueon·
801 3245 840 3294 ll.
879 3243 1027 3310 Euripides:
1059 3243 1159 3307 llippol.
1184 3239 1279 3306 612ἡ

201 3311 265 3426 cipit
275 3309 520 3386 idfiere'oporterel.
538 3309 584 3359 eui
594 3305 649 3389 peip
661 3327 711 3390 xu—
763 3307 863 3378 yloioo'
879 3306 1015 3379 ὀμώμοχ’,
1033 3307 1049 3376 ἡ
1068 3309 1100 3362 δὲ
1116 3307 1193 3379 φρὴν
1204 3303 1279 3362 civei-

200 3387 711 3528 eresurlaetusque:
763 3397 857 3530 tuq
873 3377 1174 3528 ,lentulus
1190 3380 1279 3529 §rit

201 3513 712 3634 tttss'tttt‘d‘t:tlttlltttc
764 3513 1279 3645 ltineltltswdtltttttt‘li

201 3652 267 3700 vatio
276 3650 711 3714 mentuliswenipstensilrnliclres.
765 3651 1278 3716 AmmeSchweigenzngesehworeniret.

237 3719 260 3765 7.
279 3733 314 3768 σω
336 3717 506 3784 perduellium
524 3733 630 3769 numoeo
650 3719 712 3784 defi-
765 3719 865 3784 Wegen
879 3720 1012 3770 desselben
1027 3721 1136 3782 Ver-ses,
1157 3719 1206 3770 mit
1222 3721 1279 3769 dean

201 3785 281 3832 uitus.
311 3785 437 3838 WieCic.
452 3786 604 3849 htudgsegt
619 3802 712 3838 eveu-
766 3789 823 3838 sich
835 3789 984 3852 doelrjeder
1001 3787 1129 3838 Eidbroeh
1146 3787 1280 3837 eutseirul·

201 3865 272 3900 moe
291 3867 345 3901 esee
365 3851 406 3901 liir
422 3856 448 3901 iu
463 3868 584 3913 num,
605 3871 635 3904 so
654 3857 712 3906 lrier
767 3857 843 3920 digen
855 3857 929 3919 lissi,
941 3857 1007 3907 wird
1020 3856 1157 3920 Euripides
1166 3857 1279 3906 wieder-

202 3917 325 3983 definitue
341 3934 376 3968 ere
392 3935 475 3984 num„
495 3922 518 3971 d.
536 3922 551 3970 i.
565 3924 602 3973 ita
618 3921 710 3989 defieri-
766 3925 821 3975 holt
843 3941 893 3974 von
914 3925 1100 3991 Aristophanen
1122 3931 1278 3988 verspottet
