2768 4498
407 229 714 284 unorrtctlsLtu.1t.
743 231 814 284 CAP.
828 233 852 282 6.
1104 235 1162 296 133

92 383 182 462 igitur
197 384 261 463 ipsa
276 383 397 448 fortuna
412 394 527 448 eeteros
542 403 629 448 casus
644 385 771 447 rariores
783 385 881 458 habet,
898 387 1030 464 primum
1046 389 1083 449 ab
1098 388 1163 449 ina-

92 468 182 530 nimis
198 471 343 548 prooellas
358 477 552 550 tempestates
567 471 727 550 naufragia,
744 471 846 532 ruinas
860 472 1007 544 incendia,
1023 473 1132 534 deinde
1146 493 1162 534 a

92 553 196 616 bestiis
211 554 299 626 intuo,
314 574 443 628 morsus,
456 556 595 636 impetus.
629 555 708 616 Haeo
729 574 808 634 ergo,
835 564 870 616 ut
883 556 954 629 dixi,
976 557 1098 618 rariora.
1130 558 1167 618 At
1186 564 1218 616 to

91 657 162 700 roro
177 639 318 702 interitus
335 641 527 712 exercituum,
555 647 588 702 ut
603 641 738 719 proxime
759 641 860 712 trium,
883 660 971 719 saepe
992 643 1164 712 multorum,

56 735 71 784 5
92 723 189 784 olados
206 725 431 805 imperatorum,
452 733 485 786 ut
501 743 597 804 nuper
613 727 725 786 summi
741 735 770 786 et
785 725 942 802 singularis
958 726 1022 796 viri,
1038 727 1165 788 invidiae

93 815 246 887 praeterea
261 810 462 872 multitudiuis
478 819 567 889 atque
583 811 621 871 oh
637 811 1164 890 eashenemeritorumsaopeoivium

93 893 294 973 expulsiones,
310 896 499 967 calamitates,
507 895 602 973 fugae,
608 913 773 973 rursusque
788 896 936 957 secundae
950 915 1011 965 ree,
1023 896 1164 966 honores,

92 979 225 1058 imperia,
237 979 388 1050 victoriae,
403 999 582 1060 quamquain
598 979 720 1040 fortuita
732 988 917 1050 sunt‚tamen
933 980 996 1040 sine
1009 981 1166 1044 hominum

94 1064 202 1142 opibus
219 1071 251 1125 et
266 1066 372 1126 studiis
388 1073 526 1126 neutram
541 1065 572 1124 in
587 1072 703 1143 partem
721 1065 799 1128 effici
819 1073 954 1144 possunt.
991 1065 1054 1125 Hoc
1073 1066 1164 1142 igitur

43 1153 74 1204 10
94 1149 213 1226 cognito
229 1147 389 1212 dicendum
406 1159 459 1222 est,
474 1168 605 1230 quonam
617 1150 873 1212 modohominunr
888 1149 984 1210 studia
1000 1151 1036 1211 ad
1053 1150 1165 1211 utilita-

92 1241 138 1294 tes
154 1240 273 1294 nostras
289 1234 405 1297 allicere
420 1243 510 1314 atque
525 1236 652 1296 excitare
667 1236 826 1314 possimus.
839 1235 920 1308 Quae
928 1234 953 1294 si
969 1234 1085 1312 longior
1097 1237 1164 1295 lue-

92 1318 132 1378 rit
148 1319 255 1388 oratio,
282 1338 349 1380 oum
376 1320 586 1398 magnitudine
600 1319 735 1382 utilitatis
751 1328 956 1398 comparetur:
984 1319 1023 1382 ita
1039 1323 1167 1381 fortasse

94 1404 184 1464 etiam
200 1403 322 1465 brevior
336 1404 496 1466 videbitur.

178 1490 392 1568 Quaecumque
406 1489 496 1566 igitur
510 1488 647 1550 homines
654 1488 911 1550 hominitribuunt
922 1489 957 1549 ad
965 1507 1034 1550 euru
1051 1506 1166 1566 augen—
1185 1491 1215 1540 21

43 1574 72 1623 15
93 1572 270 1652 dunt-atque
288 1574 516 1646 honestandum‚
547 1582 598 1636 aut
622 1573 906 1635 benivolentiae
927 1574 1020 1651 gratia
1042 1573 1165 1646 faciunt,

94 1677 165 1719 eum
180 1657 278 1737 aliqua
294 1659 330 1718 de
346 1677 433 1720 eausa
445 1659 615 1738 quempiam
632 1659 766 1737 diligunt,
782 1666 834 1718 aut
849 1659 1025 1727 honoris,
1040 1659 1066 1720 si
1082 1659 1165 1720 ouius

93 1743 237 1804 virtutem
249 1744 417 1823 suspiciunt
434 1762 583 1822 quemque
604 1743 728 1821 dignuin
743 1743 864 1804 fortuna
882 1761 971 1821 quam
987 1741 1166 1821 amplissima

93 1835 213 1905 putant,
238 1836 291 1889 aut
307 1828 355 1889 oui
367 1828 479 1890 fidem
494 1828 605 1890 hahent
616 1838 645 1888 ot
657 1826 834 1890 benerobus
849 1827 1074 1888 suisoonsulere
1087 1827 1165 1888 arbi·

93 1922 223 1985 uantur,
239 1920 291 1974 aut
305 1913 389 1974 ouius
402 1931 474 1992 opes
491 1920 674 1985 metuunt,
691 1921 743 1974 aut
758 1919 871 1984 oontra,
895 1931 911 1971 a
928 1911 1038 1990 quibus
1056 1910 1166 1990 aliquid

95 2119 335 2185 lehntollletaplier.
359 2120 454 2186 affligi
464 2120 501 2170 ist
512 2134 543 2169 on
557 2122 604 2170 den
693 2124 816 2172 neutram
833 2121 861 2168 in
878 2121 986 2186 portem.
1012 2116 1037 2166 S.
1057 2115 1120 2165 oben
1138 2117 1166 2164 in

94 2187 189 2237 Felsen
200 2185 456 2250 geworfenworden,
467 2188 604 2238 seheitern.
658 2193 794 2254 utromque
810 2191 919 2256 partem,
937 2185 979 2248 oel¹
990 2183 1115 2234 secundos
1132 2182 1168 2232 od

128 2255 199 2305 Haeo
211 2258 297 2320 ἐμίαν
309 2257 367 2324 ipso
378 2257 447 2306 steht
459 2257 509 2306 wie
521 2256 606 2317 htufir
660 2273 702 2308 res
713 2257 751 2307 vel
763 2256 893 2305 aduersas.

94 2327 148 2389 ipae
160 2323 213 2385 tlte,
226 2325 250 2373 tl.
264 2322 281 2372 i.
295 2326 350 2390 ipso
359 2339 408 2390 por
419 2340 454 2386 ro,
468 2339 517 2373 rua
528 2339 605 2390 apon-

94 2396 128 2455 te,
140 2393 198 2442 also
204 2391 262 2440 hier
271 2393 325 2440 eine
338 2393 471 2441 lmuinum
483 2393 572 2458 opibus
581 2396 608 2441 et
697 2389 736 2438 17.
746 2404 868 2453 quemque
877 2389 987 2453 dignum
994 2389 1097 2454 putant.
1110 2389 1167 2439 Von

95 2459 198 2510 eludia'o.
225 2458 269 2508 ille
281 2461 335 2526 ipso
350 2457 462 2523 dagegen
475 2461 520 2509 hat
531 2459 607 2510 meist
659 2456 877 2519 derverbintluug
890 2456 967 2504 durch
977 2454 1167 2517 eineConjnne·

94 2527 212 2578 denSinu
224 2542 275 2576 von
288 2528 349 2593 ipse,
361 2543 411 2576 noo
423 2527 501 2577 aliua.
514 2556 547 2564 -
558 2528 605 2576 lra-
644 2529 646 2532 ’
660 2526 715 2575 tion
742 2525 805 2575 wird
824 2541 856 2572 zu
874 2525 920 2572 der
937 2521 1102 2584 Verbindung
1121 2522 1168 2570 ruit

95 2597 141 2659 bot,
154 2596 178 2644 d.
195 2594 213 2644 i.
227 2609 256 2644 es
268 2594 366 2658 utingen
379 2611 429 2644 von
442 2596 484 2645 ihr
495 2595 535 2644 ab.
659 2596 713 2643 dem
732 2591 833 2642 Relatio
857 2592 1063 2652 iibergogangen,
1085 2590 1137 2652 vgl.
1157 2587 1168 2638 l

127 2666 152 2713 ⁴1.
179 2664 413 2729 praetumidum:
439 2664 478 2712 bei
496 2660 605 2714 Pharsa·
659 2659 925 2726 §16,undinFolge
942 2656 1168 2708 dossennuchder

94 2731 143 2793 lus,
153 2727 282 2795 Thapsus,
292 2730 391 2780 Munda.
408 2734 528 2798 proxime
537 2734 606 2782 steht
660 2729 765 2779 niiehste
775 2727 923 2794 Haupttheil
932 2730 977 2776 aut
989 2728 1031 2776 oui
1040 2724 1084 2790 fid.
1099 2725 1167 2785 tao,

94 2798 202 2849 zeltlieh
215 2797 258 2847 liar
269 2813 356 2866 nepem
660 2799 705 2914 {lior
717 2797 783 2878 doolr
794 2797 849 2914 (lgm
858 2799 904 2914 atad
913 2792 1097 2913 barletoolooficge
1103 2808 1168 2910 g'mll

914 2878 926 2911 r
1015 2877 1028 2911 r
1084 2877 1150 2911 rrae

660 2865 1168 2996 anzgetsaelllllo'ssei':iffdelialetzlelGliedo

661 3002 697 3051 ist
706 3002 771 3050 daun
778 3002 820 3050 die
830 2999 997 3050 relativisolre
1006 2998 1169 3059 Verbindnng

661 3069 759 3118 wieder
772 3067 849 3118 lallen
862 3068 988 3131 gelasseu.
1001 3092 1034 3101 -
1046 3066 1093 3116 llio
1105 3065 1168 3114 Ein-

661 3137 777 3199 theilung
793 3136 860 3186 wird
874 3134 890 3200 ξ
904 3135 931 3186 21
950 3133 999 3183 und
1012 3133 1044 3182 22
1059 3147 1168 3198 angege-

660 3205 717 3265 bon,
738 3205 801 3252 ‹lann
819 3204 923 3253 werden
939 3202 981 3251 dio
998 3203 1072 3251 seehs
1092 3215 1170 3264 ango·

661 3271 761 3322 l'rihrten
775 3270 880 3321 Griinde
901 3270 926 3318 in
948 3268 1005 3319 ‹lrei
1022 3269 1104 3319 Puare
1124 3284 1168 3316 zu·

661 3335 1169 3402 sammongelasst,ondvoubenoooleatia

661 3409 712 3457 und
724 3411 808 3457 metus
819 3407 858 3458 bis
874 3405 890 3472 ξ
903 3407 945 3468 30,
962 3420 1013 3454 von
1025 3404 1106 3452 honos
1118 3403 1169 3452 und

660 3474 723 3542 fides
740 3474 782 3525 bis
800 3474 871 3540 551,
890 3490 940 3524 von
958 3471 1099 3522 liberalitas
1117 3471 1168 3520 und

661 3543 807 3609 eormtptela
828 3559 849 3592 o.
876 3539 981 3592 15-24
1004 3539 1168 3604 gesproohen.

661 3610 699 3660 Da
711 3611 760 3660 wir
772 3627 819 3660 uns
832 3611 894 3660 aher
907 3607 1089 3668 Wohlwollen,
1102 3605 1169 3656 Aah·

661 3686 724 3742 tung
742 3680 793 3728 und
810 3678 940 3729 Zntrauen
963 3678 1008 3726 der
1024 3674 1169 3738 Mitbiirger

661 3746 738 3796 meist
747 3746 828 3794 durch
837 3743 1062 3794 dieselbenlllittel
1072 3757 1169 3793 erwer-

662 3815 718 3877 ban,
736 3829 764 3862 so
778 3812 874 3863 liessan
893 3812 947 3862 sloh
960 3810 1000 3862 dio
1017 3812 1169 3861 Absohnitta

662 3882 733 3931 nieht
746 3887 835 3943 strong
847 3893 893 3929 aus
906 3879 1028 3930 einander
1039 3879 1134 3929 hulten.

127 2881 205 2932 saepe
217 2865 366 2931 multorum,
383 2865 407 2916 d.
420 2866 437 2916 i.
456 2865 606 2929 multorum,

94 2949 206 2998 quorum
221 2931 292 2983 alae
307 2934 358 2983 alio
374 2938 485 3000 temporo
500 2936 606 2996 utteriit,

94 3001 512 3064 eiusehrhiiuflgerPleonasruus3
526 3001 605 3067 1574.

94 3069 197 3119 Ehouso
209 3066 288 3118 multi
298 3096 320 3104 —
331 3069 412 3120 mutu
424 3068 434 3119 l
447 3069 463 3134 ᾖ
475 3069 516 3120 49.
531 3070 588 3122 155.

128 3140 154 3188 5.
174 3139 274 3186 memmi
290 3142 313 3187 et
329 3137 473 3203 singuloris
485 3139 544 3202 oiri,
561 3138 606 3188 llos

93 3204 241 3272 Pompeius.

130 3275 154 3323 6.
173 3288 251 3338 saepo
263 3272 299 3322 ist
315 3273 362 3323 mit
373 3272 607 3339 expulsiooeaver-

93 3341 196 3390 bunden
215 3340 295 3390 duroli
314 3341 372 3391 eine
390 3341 501 3404 gewisse
519 3339 606 3391 lliirze

94 3410 139 3459 des
145 3406 346 3459 Ausdruolisl'rir
352 3407 438 3473 qualos
447 3423 522 3475 saepe
530 3409 607 3474 fiunt,

94 3477 190 3528 ebeuso
203 3476 255 3525 wie
268 3491 357 3525 omnes
369 3478 439 3526 eirea
448 3474 540 3544 populi
555 3476 606 3526 und

93 3545 227 3595 iihnliehes
240 3559 272 3593 zu
285 3544 405 3594 orkliiren
419 3543 462 3594 ist.

128 3613 151 3662 t.
166 3609 326 3662 oolomitates
338 3611 404 3660 kann
417 3612 443 3660 in
456 3610 548 3661 diesem
555 3611 606 3662 Zu-

93 3679 290 3741 sanrmenlrango
312 3694 361 3727 nur
371 3678 605 3744 Verurtheilungen

93 3747 231 3798 beleuten.
254 3759 408 3810 recreareque:
421 3761 442 3796 s.
456 3762 477 3795 z.
490 3744 506 3810 ξ
519 3747 543 3796 3.

127 3815 153 3864 9.
173 3814 263 3880 opibus
279 3817 305 3862 ot
322 3812 430 3876 dudio,
449 3815 475 3862 in
497 3815 606 3864 densel-

93 3879 141 3932 bon
151 3881 232 3932 Sinna
244 3880 295 3930 wie
307 3895 353 3947 ope
366 3885 442 3946 atqua
454 3895 536 3948 opero
