2768 4506
396 215 438 266 1111
451 213 588 266 onrlclls
599 215 661 268 LIB.
673 215 691 268 1.
719 215 792 268 CAP.
805 217 847 266 25.
1116 219 1158 282 79
1226 241 1228 254 ·

79 389 216 450 cumque
234 378 335 448 agunt,
366 369 404 430 ad
424 388 492 430 eam
514 369 644 432 referant
673 370 756 432 obliti
776 370 1002 434 commodorum
1023 391 1156 442 suorum,
1378 389 1379 418 ³

79 457 211 518 alterum
230 464 266 518 ut
294 464 392 516 totum
413 473 521 534 corpus
535 454 581 516 rei
594 455 730 535 publicae
745 465 861 526 curent,
883 476 935 528 ne,
954 457 1026 519 dum
1041 465 1155 536 partem
1378 499 1379 504 κ

78 541 211 620 aliquam
227 548 365 613 tuentur,
386 539 514 618 reliquas
531 540 677 601 deserant.
715 541 754 602 Ut
769 540 848 602 enim
864 542 966 613 tutela,
989 541 1033 604 sic
1047 559 1156 621 procu·
1378 555 1379 602 1

79 625 159 687 ratio
175 624 219 688 rei
233 624 368 705 publicae
383 624 419 686 ad
435 643 541 688 eorum
555 625 725 698 utilitatem,
749 625 800 704 qui
816 626 967 688 commissi
982 635 1062 698 sunt,
1094 647 1155 688 non
1378 631 1379 718 q

42 718 56 766 5
76 711 116 772 ad
133 727 250 782 corum,
267 709 373 790 quibus
390 710 547 770 commissa
559 717 613 781 est,
630 710 758 788 gerenda
775 722 828 772 est.
845 711 905 784 Qui
920 720 1020 774 autem
1035 711 1156 791 partici-

78 797 165 857 vium
181 795 353 865 consulunt,
367 802 481 872 partem
499 796 670 874 neglegunt,
685 814 751 856 rem
766 795 1048 875 perniciosissimam
1064 797 1097 858 in
1112 797 1155 858 ci-

77 881 203 942 vitatem
217 879 375 950 inducunt,
391 879 569 941 seditionem
585 887 675 958 atque
691 880 882 942 discerdiam:
914 900 950 942 ex
980 901 1039 961 quo
1054 881 1156 944 evenit

77 975 113 1028 ut
129 965 179 1026 alii
194 965 361 1045 populares,
377 963 425 1028 alii
441 963 567 1026 studiosi
589 965 692 1044 optimi
716 965 859 1045 cuiusque
874 966 1037 1039 videantur,
1067 967 1154 1046 pauci

77 1051 300 1113 universorum.
315 1049 393 1112 Hinc
408 1050 485 1128 apud
501 1049 700 1112 Athenienses
717 1069 842 1128 magnae
857 1051 1031 1122 discordiae,
1048 1051 1080 1114 iu
1096 1071 1153 1114 no·
1172 1059 1205 1109 86

27 1144 57 1192 10
77 1145 141 1198 stra
155 1153 190 1197 re
204 1134 321 1214 publica
336 1151 400 1196 non
421 1135 520 1196 solum
551 1134 723 1206 seditiones,
750 1136 802 1197 sed
820 1135 907 1198 ctiam
924 1137 1065 1214 pestifera
1080 1136 1155 1198 helia
1378 1173 1379 1224 r

79 1221 192 1282 civilia:
208 1239 283 1299 quae
298 1219 394 1298 gravis
411 1228 441 1280 et
455 1219 541 1282 fortis
557 1219 627 1282 civis
644 1228 673 1282 et
688 1221 720 1282 in
734 1239 768 1282 re
782 1220 899 1300 publica
914 1221 1020 1299 dignus
1040 1221 1157 1301 prinoi2
1378 1227 1379 1260 ³

78 1315 153 1386 patu
169 1305 263 1384 fugiet
277 1313 366 1384 atque
383 1305 480 1366 oderit
503 1305 659 1384 tradetque
680 1325 712 1366 se
726 1315 824 1367 toturn
845 1306 889 1368 rei
905 1304 1040 1385 publicae
1055 1324 1154 1386 neque
1194 1297 1195 1304 ἵ
1378 1277 1379 1362 i

79 1411 153 1471 opes
168 1399 222 1452 aut
235 1389 400 1470 potentiam
415 1389 635 1452 consectabitur
654 1399 810 1470 totamque
826 1411 892 1454 eam
907 1391 950 1452 sic
965 1391 1105 1463 tuebitur,
1121 1400 1155 1454 ut

80 1476 225 1540 omnihus
238 1475 385 1539 consuat.
422 1475 483 1538 Nec
497 1494 566 1536 vero
582 1475 759 1538 criminibus
780 1476 859 1538 falsis
875 1477 905 1537 in
922 1476 1024 1538 odium
1039 1486 1090 1539 aut
1103 1477 1154 1536 in-

25 1569 55 1620 15
77 1561 190 1624 vidium
204 1579 387 1640 quemquam
403 1559 528 1631 vocabit,
544 1561 729 1640 omninoque
744 1561 783 1622 ita
798 1561 928 1623 iustitiae
942 1562 1154 1641 honestatique

78 1647 281 1718 adhaerescet,
303 1653 346 1718 ut,
369 1644 440 1707 dum
461 1663 495 1709 ea
516 1654 682 1718 conservet,
708 1647 843 1725 quamvis
864 1646 992 1725 graviter
1020 1647 1155 1709 offendat

78 1739 269 1809 mortemque
285 1737 405 1809 oppetat
420 1731 519 1808 potius
535 1749 625 1809 quam
641 1731 758 1791 deserat
773 1730 831 1802 illa,
848 1749 923 1810 quae
939 1731 1008 1792 diri.

165 1815 333 1878 Miserrima
349 1814 472 1879 omnino
488 1823 533 1876 est
548 1814 670 1877 ambitio
693 1815 903 1895 honorumque
924 1815 1087 1888 contentio,
1118 1817 1154 1877 de
1174 1821 1206 1872 87

78 1921 136 1981 qua
153 1901 302 1980 praendere
319 1901 396 1978 apud
413 1901 542 1961 cundem
558 1908 605 1962 est
619 1900 773 1962 Platonem
804 1900 951 1962 ‘similiter
974 1901 1070 1962 facere
1092 1920 1152 1972 coe,

23 2001 56 2052 νο
78 1987 130 2066 qui
138 1985 218 2046 inter
231 2005 264 2047 se
280 1985 504 2056 contenderent,
512 1987 762 2065 uterpotiusrem
767 1985 1152 2065 publicamadministraret,

77 2080 112 2133 ut
127 2071 268 2132 sinautoe
276 2079 434 2143 certarent,
443 2069 509 2150 quis
518 2088 621 2132 eorum
629 2071 819 2150 potissimum
828 2070 1023 2150 gubernaret’.
1054 2071 1154 2132 idern-
1272 2137 1280 2148 .

76 2241 147 2298 ὅσον
157 2239 254 2313 ἅρχων
265 2243 333 2325 ἐσιίξ
349 2237 380 2292 τὸ
394 2237 472 2308 Ιαὐτῷ
484 2241 589 2310 ξυμφέ-
646 2241 752 2306 donoc,
775 2237 846 2312 πρὸς
868 2236 1000 2305 ἀλλήλους
1023 2243 1087 2326 περὶ
1108 2243 1155 2307 τῆς

77 2329 129 2387 ρον
147 2313 249 2364 σκοπεῖ
264 2309 321 2379 :odo
353 2305 500 2393 duraque,
522 2305 589 2360 ἀλλὰ
644 2299 839 2378 κυβερνήσεως,
875 2306 991 2362 ἕκαστον
1025 2312 1154 2389 οἰομενρν

77 2380 108 2434 τὸ
126 2381 166 2447 τῷ
184 2377 331 2451 ἀρχομένῳ
347 2381 393 2432 καὶ
411 2396 433 2446 ῳ
456 2373 491 2430 ἂν
508 2373 591 2436 αὐτὸς
644 2378 702 2430 δεῖν
718 2382 852 2447 κυβερνᾶν
867 2375 937 2440 μήτε
947 2371 1077 2444 μαθόντα
1094 2396 1153 2430 πω-

78 2449 248 2519 δημιουργῇ,
271 2450 317 2499 καὶ
341 2443 411 2518 πρὸς
427 2444 512 2500 ἐκεῖνο
528 2447 589 2510 ,tid-
644 2460 711 2498 ποτε
748 2441 796 2509 ,τὴν
831 2447 927 2526 τέχνην
955 2439 1024 2513 μήτε
1053 2445 1154 2512 ἔχοντα

78 2535 142 2570 πων
161 2511 253 2568 καὶτὸ
272 2513 366 2580 ἐκείνῳ
386 2515 525 2583 ξυμφέρον
542 2515 590 2566 καὶ
644 2509 791 2571 ἐπιδεῖξαι
802 2511 968 2564 redamatus
978 2520 1027 2564 cte.
1042 2531 1063 2578 p.
1076 2512 1152 2564 4890

77 2588 190 2654 πρέπον
201 2584 248 2633 καὶ
258 2584 330 2651 λέγει
343 2581 361 2634 ἃ
373 2583 502 2651 λέγεικαὶ
514 2586 591 2636 ποιεῖ
644 2577 712 2634 ἀλλὰ
731 2580 792 2638 τοὺς
809 2583 859 2632 νῦν
881 2577 1037 2650 πρλιτικοὺς
1054 2579 1155 2652 ἄρχον-

77 2643 316 2706 ἃποιεῑᾶπανια.
643 2665 691 2706 τας
708 2643 861 2707 ἀπεικάζων
882 2643 1005 2728 οἱςιᾶριι
1026 2649 1154 2720 ἐλέγομεν

115 2723 142 2773 2.
167 2719 290 2772 aiterum:
311 2720 344 2772 ih.
358 2719 428 2784 lV.p
447 2718 497 2770 420
509 2718 535 2767 Β.
556 2712 589 2768 οὐ
643 2710 753 2774 ναύταις
763 2713 814 2786 οὐχ
826 2714 986 2786 ἀμαρτησει.

77 2787 136 2871 μὴν
160 2784 232 2854 πρὸς
260 2789 341 2840 τοῦτο
368 2789 513 2851 βλέποντες
531 2780 590 2868 ιτὴν

79 2860 161 2911 mm
179 2857 324 2923 mamm
343 2851 418 2912 ὅπως
435 2851 465 2904 ἓν
481 2871 505 2904 u
523 2856 591 2930 ημῖν
644 2887 708 2936 nach
721 2887 803 2950 gleich
816 2887 860 2948 ist,
880 2886 912 2935 oh
924 2883 975 2934 Cic.
996 2893 1069 2950 sagtc
1080 2883 1154 2935 Plato

78 2925 258 3008 g3v⁰⁶ss⁰2uii
286 2916 472 3008 ὃάφερόντῖυς
499 2919 589 3001 ‘MP'
644 2951 1155 3016 dicitoderdixt't,soiolgtbeiAnfiih-

77 3013 147 3077 ἄλογ’.
162 2995 213 3044 αλλ
239 3009 315 3050 οπως
333 2991 348 3043 ὁ
367 3009 393 3042 η
404 2992 523 3060 mmm
541 2991 590 3055 ολη
644 3037 740 3084 rungen
752 3020 1155 3072 auscinemSchriststallcrhiio-

79 3063 216 3142 ⁷1⁷¹⁰³⁴⁶2
248 3131 253 3142 .
300 3130 306 3141 .
443 3128 449 3138 .
645 3089 823 3153 fignochdem
837 3089 946 3140 Priscus
963 3089 1154 3138 cinesvcrhum

107 3133 137 3212 .8'
162 3133 252 3209 mm?
263 3144 394 3194 ‘numque‘
407 3129 429 3178 d·
442 3144 459 3177 ¹¹
473 3128 518 3176 ἀπ
528 3125 591 3175 par'
644 3157 747 3206 dicendi
758 3159 804 3206 der
813 3155 1056 3220 Coojunctimpers„
1069 3155 1109 3205 uls
1122 3155 1153 3204 oh

77 3209 115 3250 ω’
127 3200 176 3249 des
189 3198 343 3262 optumum·
369 3195 443 3260 vg&
455 3195 496 3244 99¹
644 3225 689 3276 das
700 3226 853 3275 historisehe
864 3224 966 3274 Perfcct
974 3223 1154 3286 vorhcrgiuge‚

645 3293 698 3358 εξ
719 3294 752 3343 90
770 3296 952 3360 perspicerent,
971 3292 1021 3340 und
1039 3309 1061 3339 z.
1082 3289 1101 3339 11
1121 3291 1153 3340 56

644 3365 771 3429 caperent.
800 3360 831 3412 111
849 3361 865 3426 §
889 3362 918 3408 13
940 3363 1028 3409 essent.
1046 3385 1079 3394 -
1095 3362 1154 3408 uter

641 3433 729 3510 potius
741 3431 778 3480 ist
789 3435 887 3509 gcsagt,
899 3429 981 3508 dedic
989 3425 1153 3557 (q‘qqeigqqqqu

645 3511 1059 3629 iiffleshoffirildvghdsaciitmvihrden.

679 2817 720 2868 20.
734 2817 922 2868 conterulcrent:
934 2817 971 2866 Da
980 2832 1006 2867 es
1014 2817 1154 2867 deaninnc

111 3267 266 3316 efficuntur:
279 3282 301 3314 z.
314 3266 330 3330 ᾗ
344 3266 384 3316 83.

113 3335 154 3387 13.
179 3338 316 3398 totamque.
356 3334 406 3384 Das
435 3332 514 3386 letzee
544 3345 591 3393 que

78 3402 144 3454 iasst
154 3403 196 3453 die
206 3403 415 3465 vorangehendcn
428 3399 534 3450 Gliedcr
546 3413 590 3446 zu-

77 3487 199 3522 sammon.

115 3540 155 3590 16.
184 3539 300 3603 quamuis
319 3539 451 3602 graviter,
472 3535 530 3585 (1.1,
552 3531 591 3582 oct

75 3610 240 3672 graot'sso'me.
263 3605 398 3671 offendere,
411 3605 468 3654 hier
479 3605 589 3654 Austoss

77 3675 159 3737 geben
177 3673 218 3724 hei
235 3673 353 3737 Aedem,
378 3674 457 3722 daher
477 3669 590 3722 Schadeu
678 3670 720 3721 21.
743 3668 859 3734 Idemque
866 3669 996 3735 praecepit.
1016 3665 1153 3730 Eincganz

79 3744 192 3792 nehmen.
218 3741 306 3806 Vorgl.
320 3740 337 3806 ξ
350 3741 378 3790 71
395 3741 555 3806 offensiones.
644 3737 843 3802 antsprechende
854 3737 934 3786 Stelle
945 3737 1010 3786 lisst
1019 3735 1074 3784 sich
1083 3737 1154 3785 nicht

114 3812 154 3863 19.
168 3809 241 3878 apud
248 3808 357 3860 enodem
365 3813 414 3858 ert:
426 3807 484 3860 Plat
493 3810 557 3859 dere
564 3823 588 3886 p.
643 3806 735 3868 finden,
745 3805 848 3855 iihnlioh
858 3805 914 3856 siud
924 3819 975 3869 rep.
985 3802 1040 3854 Vlli
1049 3820 1077 3869 p,
1083 3803 1153 3854 5670

79 3878 112 3930 Vl
124 3895 148 3944 p.
161 3878 237 3928 4883
250 3873 313 3933 τούς
322 3875 350 3929 dd
362 3871 461 3932 ναύτας
473 3884 588 3926 oracta·
643 3891 667 3924 u.
680 3874 730 3938 lag.
748 3872 786 3924 IX
798 3890 821 3940 p.
840 3873 922 3937 8563,
939 3889 980 3922 wo
999 3871 1073 3924 Plato
1094 3873 1153 3922 dar-
