2768 4498
207 219 267 278 134

503 215 547 265 nh
559 213 697 266 urricus
709 212 770 263 [ΑΒ.
782 211 811 261 ll.
833 211 905 263 CAP.
918 215 942 264 6.
956 215 980 263 7.

205 378 442 449 exspectant,
459 379 492 431 ut
507 387 575 431 oum
590 368 874 446 regespopularesve
886 366 1025 428 hominos
1040 367 1214 447 largitiones
1221 369 1270 429 ali·

205 473 277 534 quas
292 464 475 534 proponunt,
491 465 541 515 aut
554 463 706 533 postremo
733 451 852 530 pretio
870 471 904 512 ao
924 453 1096 513 mercede
1112 454 1269 524 ducuntur,

204 558 279 618 quae
294 539 498 600 sordidissima
515 549 559 599 est
575 539 621 600 illa
638 537 757 617 quidem
772 536 848 597 ratio
864 545 894 596 et
914 536 1157 615 inquinatissima
1173 546 1204 599 et
1218 539 1269 610 his,

156 626 188 676 2²
207 624 258 702 qui
275 644 308 685 ea
323 632 475 694 tenentur,
492 632 521 685 et
533 624 599 694 illis,
622 623 674 702 qui
689 623 726 683 ad
746 639 811 682 eam
827 622 989 699 confugere
1005 633 1163 683 conentur.
1202 623 1270 683 Male

206 710 335 769 enimse
350 728 398 770 res
413 709 508 781 hahet,
531 727 611 778 oum,
628 709 708 787 quod
722 708 833 766 virtute
849 706 927 766 effici
951 707 1048 778 dehet,
1067 707 1097 768 id
1113 715 1296 786 temptatore

206 793 406 872 pecuniased
424 795 634 873 quoniamnon
649 810 814 871 numquam
823 793 879 852 hoo
887 792 1055 854 'subsidium
1070 791 1269 854 necessarium

206 888 260 947 est,
277 897 364 957 quem
381 880 418 939 ad
434 880 555 939 modum
571 878 609 938 sit
624 878 769 938 utendum
786 895 821 936 eo
837 877 980 949 dicemus
990 878 1013 938 si
1025 877 1110 955 prins
1121 878 1159 938 iis
1175 879 1212 939 de
1225 896 1270 938 re·

205 965 271 1034 hue,
287 982 361 1042 quae
376 964 478 1024 virtuti
493 965 647 1042 propiores
664 973 744 1034 sunt,
770 962 940 1022 dixerimus.
970 962 1068 1041 Atque
1086 963 1176 1024 etiam
1193 964 1269 1024 subi·

207 1049 289 1108 ciunt
303 1067 335 1108 se
351 1049 488 1109 homines
499 1049 624 1128 imperio
637 1048 757 1108 alterius
773 1056 802 1107 et
817 1047 955 1124 potestati
971 1048 1007 1107 de
1020 1047 1116 1108 causis
1128 1048 1268 1126 pluribus.

207 1133 362 1194 Ducuntur
374 1134 456 1194 enim
471 1144 522 1195 aut
537 1133 738 1196 benivolentia
747 1133 998 1192 ethenetioiorum
1006 1132 1212 1211 magnitudine
1223 1143 1268 1194 aut
1288 1143 1311 1190 lo

208 1219 358 1296 diguitatis
372 1219 552 1298 praestantia
574 1229 626 1279 aut
641 1237 693 1296 spe
709 1217 764 1279 sihi
779 1217 809 1277 id
830 1218 903 1277 utile
918 1218 1054 1278 futurum
1071 1227 1124 1278 aut
1139 1228 1268 1278 metune

206 1305 234 1363 vi
250 1323 356 1382 parere
372 1312 515 1381 cogantur
531 1312 581 1364 aut
596 1323 648 1382 spe
660 1303 824 1381 largitionis
837 1302 1052 1382 promissisque
1068 1303 1146 1382 eapti
1161 1311 1268 1382 autpo-

207 1398 329 1459 enemo,
347 1397 379 1448 ut
393 1389 518 1466 saepein
533 1397 634 1448 nostra
649 1408 682 1448 re
698 1388 966 1467 publicavidemus‚
974 1388 1110 1448 mercede
1126 1388 1269 1449 conducti.

174 1475 192 1528 7
292 1473 435 1532 Omnium
462 1481 560 1533 autem
587 1492 688 1533 rerum
715 1492 771 1533 neo
798 1474 893 1552 aptius
915 1481 960 1532 est
976 1473 1135 1552 quiequam
1152 1474 1189 1534 ed
1204 1492 1269 1552 opes

156 1561 189 1614 23
207 1559 333 1618 tuendas
349 1576 382 1618 ao
395 1559 638 1638 tenendasquam
646 1558 727 1635 diligi
742 1577 799 1618 neo
813 1558 937 1618 alienius
953 1577 1042 1636 quam
1058 1557 1168 1620 timeri.
1183 1558 1267 1618 Prae·
1285 1561 1307 1615 li

208 1644 284 1703 olere
300 1643 379 1702 enim
396 1641 526 1703 Ennius:

213 1775 214 1780 1
294 1726 386 1798 Quem
400 1738 530 1788 metuunt
544 1729 680 1788 oderunt:
707 1737 788 1808 quern
814 1732 928 1808 patrique
954 1729 1013 1789 o'dit
1029 1733 1147 1808 periisse
1162 1731 1268 1810 depolit.

207 1811 368 1873 Multorum
383 1823 484 1873 autem
510 1813 584 1872 odiis
601 1815 696 1874 nullas
713 1833 784 1891 opes
800 1832 887 1891 posse
903 1813 1055 1885 obsistere,
1078 1813 1103 1873 si
1119 1825 1207 1876 antea
1221 1814 1270 1874 luit

207 1897 351 1974 ignotum,
378 1915 474 1976 nuper
495 1907 539 1957 est
554 1899 714 1974 cognitum.
752 1899 812 1958 Neo
832 1917 901 1958 vero
922 1898 1011 1959 huius
1033 1900 1150 1978 tyranni
1169 1900 1270 1974 solum,

207 2003 296 2061 quem
312 1983 400 2042 armis
417 2001 558 2060 oppressa
574 1983 801 2060 pertulitoivitas
810 1992 955 2063 paretque
971 2003 1039 2044 oum
1055 1984 1184 2044 maxime
1191 2003 1268 2045 mor·
1287 1999 1310 2048 it

244 2120 266 2168 3.
280 2135 343 2184 quae
355 2122 393 2167 ert
401 2148 419 2156 -
427 2117 470 2166 uta
482 2118 589 2182 peridem,
602 2119 713 2168 welches

209 2187 311 2236 ireilioh
321 2214 338 2222 -
349 2187 392 2236 ist.
406 2203 425 2235 s.
438 2202 460 2235 z.
471 2185 502 2235 lll
515 2188 550 2248 §3
559 2202 609 2236 nou
618 2201 646 2236 eo
659 2189 714 2252 qui-

209 2254 274 2303 dem.

245 2324 284 2372 10.
304 2321 446 2372 Ducuntur.
464 2321 600 2374 Dieselhen
611 2321 715 2373 Griindo

209 2390 313 2440 werden
327 2389 353 2438 in
363 2389 463 2440 breiter
471 2391 559 2442 Weise
569 2407 625 2440 zum
638 2391 715 2440 zwei·

209 2465 251 2508 ten
264 2458 332 2508 Male
352 2457 494 2522 angeliihrt.
522 2461 581 2511 Man
602 2459 715 2522 beechte,

209 2527 259 2577 wie
286 2527 325 2577 die
346 2527 431 2578 Verba
450 2527 524 2593 duci,
553 2529 625 2592 cogi,
648 2529 713 2594 oapi,

209 2594 316 2644 conduci
337 2597 384 2644 den
398 2595 513 2645 Motiven
531 2595 714 2660 entspreohend

210 2663 323 2726 gew'eihlt
334 2663 400 2712 siml.

243 2731 427 2793 beneficiorum
447 2729 624 2794 magnitudine
649 2729 716 2779 kann

211 2797 291 2846 neben
317 2795 482 2845 benivolentia
507 2798 577 2847 nieht
601 2805 647 2858 gut
676 2798 715 2846 als

210 2864 397 2926 selbstiindiges
405 2862 481 2913 Glied
491 2863 637 2925 eufgei'rihrt
649 2878 716 2913 wer-

210 2933 271 2981 den:
284 2947 311 2981 es
319 2932 461 2995 entsprioht
470 2931 524 2996 §21
536 2931 716 2982 beniuolentiae

207 3002 306 3062 gratia,
325 3014 384 3048 euro
399 3001 487 3064 aliqua
499 3001 529 3050 de
541 3016 618 3050 catera
631 3017 716 3064 querri-

209 3070 278 3132 pae'um
294 3067 414 3131 diligunt.
445 3068 495 3118 Das
508 3069 716 3131 vorhergehende

209 3139 261 3196 aot,
281 3136 331 3184 wie
352 3136 392 3186 die
414 3135 487 3186 Hdss.
506 3138 594 3199 heheu,
619 3143 716 3186 musste

210 3205 297 3254 durum
310 3204 335 3252 in
347 3209 372 3254 et
385 3205 524 3256 veriiudert
535 3207 646 3256 werden.

246 3273 284 3322 13.
299 3271 423 3323 oidernus.
437 3273 574 3324 Cio.meint
583 3273 650 3323 wohl
658 3289 717 3322 vor·

210 3341 715 3404 ziigliehhotonius,derdieehemaligen

211 3410 333 3460 Soldaten
358 3411 466 3460 Caesurs
490 3411 569 3460 duroh
587 3407 652 3458 Geld
675 3407 717 3457 fdr

211 3478 266 3526 sioh
278 3495 309 3527 zu
318 3480 567 3540 gewinnenwusste,
580 3479 641 3526 aher
653 3476 718 3525 auch

212 3543 291 3594 Lente
305 3547 350 3595 wie
363 3546 467 3596 Clodius
480 3547 530 3597 und
546 3545 618 3606 Milo,
632 3545 671 3594 die
684 3545 717 3593 im

210 3611 337 3663 interesse
350 3614 421 3664 ihrer
434 3613 522 3665 Partei
536 3613 714 3664 Gladiatores·

213 3682 309 3730 houden
324 3681 428 3731 hiolten.

247 3749 286 3798 14.
306 3748 340 3798 Es
352 3749 416 3799 wind
427 3751 534 3812 gezeigt,
549 3750 598 3798 wie
609 3765 650 3798 um
660 3749 717 3799 sich

212 3813 716 3879 derlliilfeundDienstleistungderMit-

211 3885 346 3933 menschen
359 3900 391 3933 zu
403 3885 553 3934 versieharn
565 3883 606 3933 die
621 3883 717 3934 Furoht

767 2120 809 2168 ein
830 2120 1055 2183 unzuverliissiges
1072 2119 1161 2171 Mittel
1180 2121 1270 2171 sowohl

768 2187 809 2236 liir
821 2187 944 2238 Ein'zelne
966 2189 1005 2236 als
1024 2187 1065 2237 fur
1082 2189 1190 2238 Staaten
1208 2191 1242 2240 ist
1253 2217 1271 2224 -

768 2255 784 2320 ξ
797 2255 837 2304 29.
869 2257 928 2305 Alle
941 2257 1067 2306 brnuoheo
1080 2255 1270 2316 Freundsohalt‚

767 2323 829 2372 aber
843 2324 911 2372 nicht
923 2323 974 2372 alle
987 2324 1032 2372 das
1041 2323 1219 2375 Wohlwollen
1231 2327 1271 2374 der

767 2391 857 2453 Menge
868 2390 932 2455 §3d
951 2390 1036 2441 Uebor
1046 2394 1090 2441 das
1101 2391 1271 2443 Wohlwollen

768 2459 835 2508 wird
858 2460 923 2508 dano
948 2460 974 2508 in
994 2460 1049 2509 dem
1068 2457 1205 2522 folgenden
1223 2460 1270 2510 Ab·

769 2526 879 2576 sohuitte
892 2529 1057 2592 gesproehen,
1070 2543 1092 2576 s.
1104 2545 1127 2577 z.
1141 2528 1208 2593 §sil

805 2594 845 2644 17.
867 2593 1082 2655 poeninarum.
1117 2596 1179 2646 Dent
1192 2595 1271 2662 Thye-

770 2671 823 2712 stes
836 2664 880 2711 des
892 2662 990 2712 Ennius
1012 2665 1066 2725 legt
1079 2663 1193 2714 Ribbeck
1210 2673 1270 2726 trag.

770 2731 826 2780 Lat.
844 2731 890 2780 rel.
909 2746 932 2795 p.
952 2731 1002 2782 268
1021 2732 1109 2782 diesen
1124 2732 1191 2782 Vers
1208 2732 1271 2782 wohl

770 2797 959 2848 mititeohthei.
979 2799 1035 2862 Vgl.
1046 2800 1087 2849 die
1098 2803 1272 2866 entspreehen-

771 2867 800 2915 de
823 2866 946 2931 Sentenz,
973 2867 1014 2917 die
1032 2867 1043 2918 l
1061 2867 1122 2932 §97
1141 2868 1272 2932 augeliihrt

771 2934 845 2983 wird.

806 3003 845 3053 18.
869 2999 1010 3053 Multorum
1027 3002 1127 3052 odiis-
1138 3019 1219 3072 nuper
1239 3006 1274 3052 est

770 3073 910 3136 cognitum.
935 3071 968 3120 So
982 3078 1039 3134 sagt
1050 3071 1103 3121 Cio.
1116 3089 1175 3122 vom
1188 3072 1274 3122 Stand-

770 3137 865 3202 punite
878 3138 964 3187 seiher
970 3137 1067 3201 Partei,
1081 3141 1202 3190 wiihrend
1214 3139 1274 3189 doeh

770 3207 812 3255 die
835 3205 996 3268 Ermorduog
1019 3207 1129 3258 Caesors
1154 3224 1203 3258 nur
1231 3209 1273 3256 das

770 3270 980 3338 Werkweniger,
996 3275 1163 3324 zumeistvon
1175 3275 1275 3340 perstin-

769 3342 853 3391 liohen
867 3342 982 3391 Motiven
1000 3342 1159 3394 bestimmter
1172 3343 1274 3394 Minoas

770 3425 832 3471 war,
851 3411 902 3458 und
920 3410 961 3459 die
980 3407 1116 3473 folgenden
1128 3411 1274 3474 Ereiguisse

770 3477 1274 3610 zeilglgtleppvpedusVolkdariiberdaehte.

804 3614 847 3664 20.
877 3629 936 3662 eone
958 3616 1075 3663 munione
1097 3615 1219 3664 hedeutet
1235 3627 1275 3662 ur-

769 3681 1049 3812 ildllffliihdfiili
1063 3683 1275 3800 ‘'hl''altt

856 3787 862 3798 ·
959 3787 964 3798 ·
1047 3787 1054 3812 r

769 3819 887 3866 manime
910 3832 1117 3881 eognoseeremur
1135 3847 1154 3856 -
1176 3819 1276 3884 reporto

770 3884 929 3950 adspicimus
945 3883 1045 3935 lituras.
1078 3886 1132 3934 hus
1153 3887 1197 3934 der
1214 3885 1276 3935 Con·
