2768 4506
202 260 242 320 50
490 255 534 306 ult
551 253 686 307 urricus
699 255 757 308 ΗΒ.
770 255 789 306 l.
818 255 887 306 chr.
902 256 927 306 9.
942 254 981 308 10.

200 409 280 489 quod
296 409 413 472 dubites
429 429 558 492 aequum
574 410 666 471 sitan
681 409 833 489 iniquum:
855 409 987 489 aequitas
1004 409 1085 468 enim
1107 407 1187 468 lueet
1211 407 1281 486 ipsa

200 512 254 576 per
268 513 309 566 se,
326 495 470 557 dubitatio
486 495 697 573 cogitationem
712 494 858 573 significat
872 493 1007 554 iniuriae.

145 590 183 646 tu
287 579 346 641 Sed
361 580 499 642 incidunt
513 599 602 660 saepe
616 588 761 659 tempora,
779 598 847 640 cum
864 597 906 648 ea,
930 597 1006 658 quae
1023 577 1151 638 maxime
1167 576 1281 636 viden-

150 668 178 718 31
199 670 250 724 tur
265 662 352 743 digna
369 684 435 726 esse
451 667 529 728 iusto
545 664 667 727 homine
681 683 787 744 coque,
799 683 888 743 quern
900 663 995 723 virum
1008 663 1122 723 bonum
1138 659 1283 728 dicimus,

202 757 426 811 commutantur
441 751 578 830 fiuntque
593 750 751 822 contraria,
769 757 803 810 ut
822 749 947 809 reddere
969 747 1154 826 depositum,
1178 749 1284 806 facere
1305 757 1319 803 5

201 833 393 915 promissum,
410 854 544 915 quaeque
561 835 714 915 pertinent
729 835 766 896 ad
781 833 934 894 veritatem
951 831 1147 905 coeuntem,
1165 849 1202 890 ca
1218 830 1280 891 mi-

203 934 288 997 grare
303 918 453 981 interdum
471 931 500 982 et
515 939 578 982 non
595 939 712 981 servare
727 919 761 979 lit
770 918 890 980 iustum.
919 917 1035 978 Referri
1047 917 1127 978 euim
1140 916 1229 977 decet
1240 915 1281 976 ad

202 1022 245 1074 ea,
263 1021 337 1083 quae
351 1005 438 1083 posui
451 1006 606 1085 principio,
618 1005 811 1066 fundamenta
826 1002 972 1064 iustitiae:
988 1002 1119 1082 primum
1132 1010 1165 1062 ut
1177 1019 1217 1061 ne
1230 999 1283 1061 cui

203 1096 354 1161 noceatur,
366 1090 473 1151 deinde
486 1099 518 1150 ut
530 1089 682 1150 communi
693 1088 812 1150 utilitati
825 1087 981 1149 serviatur.
1001 1085 1044 1148 Ea
1057 1105 1124 1148 cum
1139 1094 1283 1166 tempore

152 1190 185 1240 32
203 1181 436 1246 commutantur,
449 1181 652 1236 commutatur
663 1173 794 1234 officium
808 1181 839 1234 et
850 1189 913 1235 non
924 1191 1044 1252 semper
1055 1172 1202 1234 estidem.
1219 1171 1286 1231 Po·
1311 1179 1337 1227 tu

204 1265 264 1318 test
280 1259 359 1320 euim
373 1259 506 1320 accidere
520 1259 704 1339 promissum
719 1258 840 1338 aliquod
856 1266 886 1318 et
902 1266 1094 1338 conventum,
1111 1265 1145 1318 ut
1157 1257 1187 1317 id
1201 1255 1284 1318 effici

205 1342 244 1402 sit
259 1342 364 1404 inutile
381 1344 427 1404 vol
443 1345 479 1417 ci,
496 1345 543 1405 cui
559 1337 738 1424 promissum
754 1343 802 1415 sit,
819 1345 864 1404 vel
880 1343 915 1410 ei,
932 1343 983 1422 qui
999 1342 1179 1422 promiserit.
1202 1341 1283 1404 Nam

205 1427 241 1497 si,
257 1428 338 1489 utin
353 1427 459 1490 fabulis
475 1438 530 1503 est,
545 1429 703 1509 Neptunus
715 1429 795 1508 quod
811 1429 926 1490 Theseo
948 1427 1127 1506 promiserat
1147 1445 1210 1488 non
1232 1427 1283 1488 fe·

206 1512 304 1584 cisset,
320 1512 452 1574 Theseus
465 1514 620 1594 Hippolyto
635 1514 694 1574 filio
712 1532 773 1575 non
790 1521 867 1576 esset
879 1513 1009 1576 orbatus.
1032 1511 1074 1573 Ex
1085 1512 1182 1573 trihus
1198 1513 1283 1574 cuim

204 1597 322 1675 optatis
337 1604 371 1659 ut
386 1598 535 1672 scribitur,
551 1600 609 1659 hoc
624 1606 687 1660 erat
702 1598 834 1672 tertium,
850 1600 932 1678 quod
945 1598 981 1659 de
994 1595 1141 1678 Hippolyti
1153 1595 1285 1660 interitu
1309 1602 1336 1651 15

202 1681 296 1742 iratus
309 1682 436 1762 optarit:
454 1703 513 1763 quo
526 1685 684 1763 impetrato
696 1683 728 1746 in
740 1685 884 1746 maximos
897 1685 994 1745 luctus
1005 1682 1116 1744 incidit.
1133 1681 1196 1744 Nec
1207 1702 1281 1762 pro-

203 1765 293 1827 missa
309 1767 399 1846 igitur
413 1771 556 1831 servanda
573 1777 644 1830 sunt
660 1787 703 1842 ea,
727 1787 802 1849 quae
818 1770 880 1830 sint
895 1768 940 1840 iis,
966 1768 1074 1847 quihus
1094 1768 1281 1847 promiseris,

203 1850 327 1927 inutilia,
343 1870 408 1922 neo,
424 1855 449 1914 si
464 1855 530 1933 plus
545 1853 600 1914 tihi
615 1873 647 1914 eu
665 1861 793 1915 noceant
805 1872 895 1933 quam
907 1853 948 1914 illi
961 1853 1086 1932 prosint,
1103 1852 1151 1914 cui
1165 1853 1284 1932 promi-

204 1936 287 2009 seris,
303 1946 404 1998 contra
421 1939 554 2000 officium
566 1946 611 2000 est
627 1939 722 2000 maius
738 1938 880 2020 anteponi
896 1937 1014 2010 minori,
1031 1947 1074 2009 ut,
1090 1937 1117 1998 si
1127 1937 1282 2000 constitu·

205 2021 262 2081 eris
278 2023 407 2102 cuipiam
430 2031 460 2084 te
481 2025 656 2085 advocatum
676 2025 708 2084 iu
729 2042 792 2085 rem
808 2032 999 2102 praesentem
1021 2041 1087 2084 esse
1108 2030 1282 2096 venturum,
1305 2030 1335 2081 tt

206 2114 295 2184 atque
310 2107 430 2169 interim
444 2109 572 2187 graviter
586 2116 738 2187 aegrotare
758 2107 836 2169 lilius
857 2108 1004 2188 coeperit,
1030 2125 1092 2168 non
1113 2107 1153 2168 sit
1175 2115 1284 2170 contra

207 2190 339 2252 officium
355 2196 529 2254 nonfacere
545 2193 624 2273 quod
639 2192 757 2267 dixeris,
773 2192 926 2274 magisque
948 2193 1006 2265 ille,
1028 2192 1075 2253 cui
1097 2193 1283 2271 promissum

208 2345 278 2395 Brut.
291 2345 362 2409 41,5
380 2345 445 2396 illud
461 2347 637 2398 Hesiodium·
651 2347 717 2414 quod
771 2346 899 2412 subjectio
921 2347 972 2397 und
996 2347 1043 2398 den
1070 2347 1284 2401 hodeolrlichsten

207 2411 295 2463 cadem
306 2427 430 2465 menam
450 2414 556 2466 reddere
571 2417 649 2481 iubet,
666 2432 717 2482 qua
771 2414 967 2481 Consequcnzcu
987 2415 1066 2467 Raum
1082 2417 1206 2480 gegeben.
1239 2418 1284 2470 Gi·

208 2484 343 2549 oceopm'r.
772 2499 831 2535 cero
854 2483 927 2534 h‘dtto
958 2483 1099 2550 iihcrhunpt
1132 2485 1204 2535 nicht
1235 2486 1284 2536 den

243 2549 266 2600 9.
292 2547 329 2600 lt'a
350 2567 409 2601 cum
426 2556 536 2618 tempore
555 2555 717 2604 commotae·
772 2553 872 2604 Nutzen
913 2552 952 2601 als
991 2551 1119 2612 Massstah
1157 2555 1283 2605 honutzon

208 2621 263 2667 tur:
294 2618 335 2668 ein
365 2618 542 2681 naehllissiger
568 2620 717 2683 Ausdruck3
774 2619 927 2682 diirson‚um
940 2636 972 2670 zu
988 2621 1060 2670 einer
1073 2619 1285 2685 belriedigcnden

210 2685 276 2735 dcun
300 2686 341 2735 dic
365 2685 526 2737 Grundslitzo
550 2687 651 2738 bleihen
678 2688 719 2738 die
774 2688 1142 2752 Entseheidungzukomrnen.

211 2752 364 2819 nimliohem
395 2770 444 2803 nur
466 2753 508 2804 dic
531 2752 720 2820 Verhiiltnisse‚
812 2758 849 2810 19.
870 2760 899 2806 nt
911 2754 987 2821 πῄ.
1001 2757 1028 2807 Β.
1043 2752 1133 2807 wonn’.
1153 2757 1287 2809 DerCon-

211 2826 287 2870 untcr
316 2822 397 2873 denen
428 2823 467 2872 sic
491 2837 537 2871 zur
555 2823 720 2887 Anwendung
770 2825 964 2891 junctivh'dngt
980 2824 1035 2875 also
1052 2826 1122 2876 nicht
1140 2826 1287 2892 vonutah,

211 2886 335 2955 kommcn,
348 2891 404 2941 sind
417 2889 597 2955 verschiedcn3
616 2907 637 2942 s.
651 2891 719 2942 utut.
775 2894 886 2944 sondern
898 2891 1011 2957 istConj.
1023 2894 1184 2959 potentialis.

211 2952 283 3020 521.
810 2962 851 3011 20.
869 2960 988 3012 aduocati
997 2961 1099 3012 hcisscn
1113 2963 1162 3027 die,
1186 2962 1286 3012 welche

246 3023 285 3075 12.
303 3025 418 3078 mouere
427 3032 584 3095 promiscum
595 3054 611 3062 -
624 3031 667 3078 ut:
692 3031 722 3078 ut
775 3029 854 3080 durch
867 3030 940 3080 ihren
952 3027 1019 3080 lluth
1033 3029 1094 3081 oder
1106 3032 1152 3081 das
1165 3030 1285 3081 Auschen

210 3089 372 3154 hiingtnicht
393 3112 442 3146 von
463 3093 578 3145 occidam
600 3095 639 3160 ab,
663 3113 721 3147 son·
774 3099 845 3148 ihrer
856 3098 954 3148 Person
965 3096 1085 3148 Anderen
1110 3115 1158 3149 vor
1178 3097 1288 3150 Gerieht

212 3159 274 3208 dern
294 3175 346 3211 von
365 3161 556 3232 promissumd.
573 3163 590 3213 i.
603 3164 721 3232 talepro-
775 3165 1010 3216 Beistandleisten.

210 3229 322 3278 missum
339 3235 376 3281 att.
392 3233 443 3295 vgl.
464 3230 480 3296 ᾖ
502 3229 551 3283 159
571 3246 621 3282 non
639 3237 722 3299 potest
809 3236 836 3284 in
864 3249 919 3286 rem
939 3237 1106 3301 promentem
1134 3235 1221 3284 aurire
1251 3233 1288 3284 ist

211 3294 325 3349 occidero
340 3295 448 3368 tempus,
472 3303 501 3350 ut
525 3301 627 3351 intersit
642 3304 683 3350 ret
694 3317 721 3368 p.
774 3301 1288 3367 theilszureigenenBesiehtigungeiner

213 3365 720 3503 lltttdtttdtttttttt·
776 3370 1227 3491 Shilltkdddlla‘llnfflllcl’
1242 3369 1291 3504 ,ll

213 3499 394 3567 hippol-tata
415 3507 469 3557 alut
486 3501 517 3553 δὲ
535 3502 564 3552 αἱ
581 3499 658 3570 εὐχαὶ
670 3506 723 3569 Θη-
774 3457 818 3558 ilo
830 3509 859 3556 in
881 3521 936 3559 rem
949 3511 1112 3574 praesentem
1123 3476 1256 3557 oenhot'ur
1268 3511 1291 3557 ot

216 3569 283 3626 σέως
298 3570 369 3644 πρὸς
380 3571 544 3624 Ποσειδῶνα
560 3574 637 3643 τρεῖς,
649 3573 725 3638 πρῶ·
778 3574 902 3642 defendo
915 3574 1024 3625 coaciam
1048 3577 1164 3625 moribus
1181 3571 1290 3626 deduce-

214 3649 276 3753 }va
286 3633 413 3760 ἀνελέθεθῖν
436 3640 466 3700 ἒξ
488 3635 587 3759 p⁶dou41
599 3632 725 3760 deripepov
778 3645 869 3761 retegi),
885 3643 965 3760 thim
982 3659 1014 3692 zu
1025 3642 1290 3761 gerisehtlicperbverf-

215 3710 489 3842 aaltttttltl‘t
497 3722 547 3827 tt
583 3723 644 3760 ⁷²⁷⁷⁰
777 3714 1201 3847 ll¹¹a⁵¹¹⁰lnlld⁰laoalhnh
1219 3725 1289 3827 {⁰⁰14

252 3841 290 3892 18.
304 3847 387 3895 necsi
392 3845 456 3917 plut
466 3844 623 3895 cet.:durch
632 3845 720 3897 diesen
776 3865 831 3900 rom
852 3852 1011 3917 praesentem
1035 3850 1158 3898 venturus
1168 3849 1228 3912 jati,
1246 3845 1292 3898 aod

216 3907 314 3961 Zosatz
325 3913 390 3963 wird
404 3913 446 3964 dio
458 3927 537 3974 ganze
551 3913 721 3980 Bestimmnng
775 3932 854 3982 aeger
863 3917 935 3984 filius
946 3920 970 3966 et
979 3930 1109 3985 puerpera
1125 3930 1195 3966 uuor
1207 3919 1282 3964 torret.
