2768 4498
377 251 420 302 DE
433 249 569 304 onnlclls
582 251 641 304 LlB.
654 255 671 306 l.
701 255 773 307 CAP.
788 256 828 308 tt.
842 258 883 310 28.
1127 263 1169 326 85

90 412 332 466 consentaneum
348 405 533 468 sithominis
550 408 739 470 excellentiae
755 410 786 472 in
802 429 846 482 ee,
862 411 894 472 in
910 431 968 492 quc
985 421 1089 476 natura
1106 415 1171 477 eius

91 511 109 550 a
125 489 252 569 reliquis
267 490 470 553 animantibus
486 493 622 554 differat’.
654 495 735 566 Quae
752 505 851 556 autern
873 515 941 576 pars
964 499 1096 562 subiecta
1117 519 1171 579 ge-

92 575 160 636 neri
177 583 231 647 est,
247 593 313 635 eam
329 576 373 636 sic
388 577 544 649 definiunt,
560 585 594 638 ut
608 578 647 638 ‘id
665 580 804 640 decorum
821 583 913 643 velint
935 603 1008 654 esse,
1031 587 1110 664 quod
1131 587 1170 648 ita

91 668 222 721 naturae
237 669 474 722 consentaneum
491 662 538 734 sit,
555 673 589 723 ut
603 663 635 724 in
646 665 855 727 comederatic
867 677 896 727 et
907 671 1105 748 temperantia
1118 689 1171 750 ap·

51 753 68 801 5
88 753 196 824 pareat
211 763 280 805 cum
296 747 395 824 specie
411 748 538 826 quadarn
554 747 685 809 liberali’.
716 751 796 812 Haec
811 751 850 812 ita
867 752 998 832 intellegi
1008 773 1170 832 pessumus
1185 771 1226 825 ss

89 829 263 890 existimare
275 849 311 891 ex
327 849 362 890 eo
379 832 496 904 decore,
513 834 593 912 qued
608 842 712 912 poetae
724 844 903 914 sequuntur,
920 840 956 899 de
969 841 1092 918 quealio
1105 841 1169 901 loco
1188 849 1220 896 97

88 916 178 994 plura
194 914 250 974 dici
266 917 373 976 solent.
416 917 475 977 Sed
498 927 563 977 turn
583 937 700 980 servare
722 921 794 981 illud
817 931 934 1000 poetas,
956 926 1036 1003 qued
1060 926 1170 995 deceat,

90 999 233 1069 dicimus,
250 1019 318 1060 curn
334 1001 375 1073 id,
392 1003 471 1080 quod
488 1021 605 1082 quaque
620 1021 749 1082 persona
765 1007 886 1086 dignum
904 1017 958 1080 est,
975 1017 1005 1069 et
1016 1010 1050 1068 lit
1070 1019 1100 1070 et
1123 1011 1169 1072 di-

90 1085 182 1154 citur,
201 1094 233 1145 ut
248 1085 272 1144 si
289 1087 403 1146 Aeacus
419 1096 470 1148 aut
481 1087 576 1148 lllines
593 1089 717 1151 diceret:

38 1175 70 1225 10
181 1169 311 1240 Oderint,
327 1172 396 1232 dum
410 1175 548 1244 metuent,

91 1263 159 1316 aut:

589 1348 665 1404 rtutls
679 1345 827 1424 sepulchro
842 1348 899 1424 ipse
915 1348 953 1407 e'st
964 1365 1082 1425 perena,

90 1423 269 1484 indecorum
287 1424 446 1499 videretur,
464 1427 542 1506 qued
559 1447 610 1487 eos
626 1429 718 1490 luisse
734 1431 827 1490 iustos
843 1433 1022 1510 accepimus:
1039 1441 1069 1492 at
1081 1432 1171 1492 Atreo

93 1509 213 1569 dicente
228 1509 348 1588 plausus
363 1511 543 1572 excitantur:
561 1521 605 1572 est
621 1515 700 1574 enirn
717 1515 803 1594 digna
827 1533 952 1594 persona
974 1516 1077 1577 oratio.
1113 1517 1171 1576 Sed

39 1604 70 1655 15
91 1602 201 1672 poetae
218 1594 290 1674 quid
307 1613 456 1675 quemque
469 1598 611 1658 deceatex
623 1617 751 1677 persona
764 1601 946 1661 iudicabunt.
970 1601 1061 1662 Nobis
1074 1611 1172 1662 autern

90 1697 254 1757 personant
271 1680 413 1758 imposuit
427 1681 491 1760 ipsa
509 1691 614 1743 natura
631 1703 737 1762 magna
754 1705 820 1746 cum
834 1681 1004 1747 excellentia
1018 1696 1172 1765 praestan·
1249 1707 1266 1733 ι·

91 1765 409 1871 tiaquc·animantium
426 1767 616 1846 reliquarum.
641 1771 898 1850 Quocircapcetae
909 1772 941 1832 in
961 1789 1065 1849 magna
1078 1772 1173 1832 varie·
1192 1785 1224 1835 98

93 1937 158 1999 (vgl.
173 1937 241 1986 llinl.
256 1935 272 2002 ξ
288 1937 328 2000 13)
350 1935 396 1988 aul
406 1939 450 1988 dus
464 1941 606 1988 honesturn.

93 2005 128 2055 Es
151 2005 186 2054 ist
203 2005 258 2054 ulsc
281 2006 354 2055 darie
374 2007 418 2056 der
441 2006 607 2058 Unter'schied

92 2073 226 2124 zwischeu
240 2073 439 2124 dernSittlichen
452 2091 484 2129 nu
495 2076 606 2124 sichuud

93 2144 142 2192 der
161 2141 214 2190 ihm
231 2141 463 2203 eigenthiim‘licheu
484 2143 607 2192 {iusserant

92 2209 282 2272 Erscheinung,
301 2211 356 2260 dam
369 2210 498 2275 decorum,
517 2225 608 2260 ausser

92 2279 163 2328 nent
176 2277 302 2340 gelasseu.

129 2347 154 2395 3.
181 2345 320 2410 detinerent,
339 2350 401 2396 ut-
414 2345 500 2396 count:
523 2347 575 2408 vgl.
598 2343 608 2396 l

92 2415 110 2480 ᾗ
131 2485 154 2531 5.
180 2497 239 2531 curn
262 2483 344 2548 speeie
365 2497 388 2546 q.
409 2482 610 2543 ut.,1niteiner

93 2549 224 2615 gewisseu
241 2550 402 2612 anruuthigeu
419 2551 543 2600 dussereu
561 2551 610 2600 Er-

93 2618 244 2680 scheinung.
264 2616 290 2666 ln
304 2619 358 2667 dem
369 2619 462 2668 Zusatz
476 2619 541 2681 liegt
552 2619 608 2668 also

93 2689 141 2737 das
165 2685 393 2736 unterscheideude
411 2686 537 2736 Merlunel
558 2703 609 2737 von

94 2758 143 2806 der
155 2756 324 2819 temperantia
336 2755 425 2804 selbst.

129 2825 153 2874 6.
174 2823 226 2872 alic
237 2821 302 2871 lucc:
326 2821 353 2870 in
367 2823 413 2871 deu
427 2821 607 2873 Lchrltiicheru

95 2893 142 2942 der
163 2890 290 2940 Rhetorik
311 2891 360 2939 und
384 2891 546 2940 [lichtltuust.
573 2889 607 2938 Sc

95 2960 171 3010 stellt
184 2959 236 3008 Cic.
249 2975 286 3008 or.
301 2960 342 3022 21,
356 2959 386 3010 'll
401 2957 442 3007 liic
455 2959 608 3008 denlledner

95 3029 139 3079 die
159 3025 308 3078 Verschrilt
330 3025 385 3077 aul:
410 3042 557 3093 semperque
581 3029 608 3075 in

95 3098 253 3162 ornnc'parte
277 3097 401 3145 crationes
421 3099 451 3144 ut
472 3099 536 3144 uitae
549 3093 611 3159 quid

95 3165 181 3216 deceat
204 3167 244 3213 est
256 3163 480 3226 considerandum,
504 3163 569 3228 quod
585 3166 609 3211 et

96 3237 124 3283 in
135 3249 167 3284 re
179 3231 210 3282 de
227 3246 278 3295 qna
293 3234 386 3296 agitur
401 3235 516 3298 positum
526 3236 570 3294 est,
584 3234 611 3280 et

96 3305 123 3350 in
134 3302 291 3369 perueniret
306 3315 407 3362 eorum,
419 3302 463 3365 qui
478 3299 576 3362 dieunt,
588 3303 612 3348 et

97 3385 201 3432 eorum,
215 3370 261 3432 quc'
271 3368 388 3418 audiunt.

135 3439 176 3488 10.
212 3435 413 3498 deterruerunt
437 3441 496 3486 rnet.
514 3463 531 3472 -
544 3437 612 3484 natis

98 3506 232 3574 sepulchro
244 3512 292 3554 cet.
306 3505 383 3554 Beide
392 3505 472 3556 Verse
485 3505 542 3554 sind
554 3519 612 3554 ver-

98 3575 225 3624 muthlich
238 3587 284 3622 aus
303 3574 350 3623 der
365 3571 492 3636 Tragddie
516 3573 611 3622 Atreus

100 3645 145 3694 des
159 3642 256 3691 Attius.
276 3640 390 3690 Ribbeck
408 3649 473 3703 treg.
493 3640 547 3690 Lat.
562 3641 608 3690 rel.

99 3727 122 3776 p.
139 3711 189 3764 136
203 3725 226 3761 u.
243 3709 299 3761 139.
313 3711 408 3760 Seneca
422 3711 452 3759 de
465 3709 505 3758 ira
517 3707 527 3757 l
541 3709 582 3770 20,
595 3709 612 3758 4

99 3779 185 3844 qualis
198 3781 267 3840 (nen)
285 3778 333 3828 tllu
347 3777 407 3828 dira
422 3782 445 3828 ct
459 3779 612 3827 abcrndncn-

100 3849 145 3899 da:
166 3847 271 3899 Oderint
284 3847 346 3898 dum
362 3850 485 3896 metuant.
508 3844 612 3895 Sullane

99 3915 281 3968 enneaconta
293 3917 424 3982 scriptam.
454 3914 612 3964 Dernndere

662 1938 728 1989 Vers
741 1937 845 1987 bezieht
853 1937 908 1988 sich
918 1939 964 1989 aul
971 1939 1107 2008 Thyestes,
1117 1943 1174 1991 dem
1188 1994 1190 1998 ,

661 2005 755 2056 Atreus
768 2006 838 2054 scine
852 2001 949 2056 Kinder
962 2025 1015 2058 auru
1023 2009 1174 2061 Mnhlcvor-

662 2082 762 2137 gesctzt
774 2075 853 2124 hatte.

701 2143 738 2192 16.
756 2145 852 2208 praest.
872 2145 1056 2205 ructuantium,
1078 2145 1118 2195 ein
1132 2151 1173 2194 et-

662 2225 715 2260 was
735 2211 825 2260 harter
842 2207 977 2262 Gebrauch
992 2212 1035 2263 des
1049 2212 1110 2263 Gen.
1125 2214 1174 2262 ob-

662 2278 787 2328 iectivus:
807 2279 859 2338 vgl.
878 2277 938 2342 §et
953 2285 1078 2330 contentio
1096 2283 1174 2330 done-

666 2362 732 2395 rum.
756 2345 776 2395 ll
800 2345 816 2408 ξ
840 2345 872 2394 58
895 2348 1039 2398 consulatus
1062 2349 1172 2414 reprrlsa.

665 2411 697 2463 lll
710 2413 726 2476 ᾗ
741 2415 788 2465 100
802 2416 843 2461 tus
855 2415 996 2464 iurandum
1008 2417 1130 2466 desitum.

702 2483 740 2533 lt.
763 2481 886 2543 Quocirca
911 2487 1007 2548 poetae.
1044 2485 1094 2532 Der
1125 2482 1174 2533 Ge·

665 2550 973 2613 dankenzusarnrueehang
1006 2551 1041 2600 ist
1075 2551 1172 2601 dieser:

666 2618 730 2668 Was
743 2616 785 2667 tur
798 2618 876 2682 J’eden
889 2619 933 2668 das
947 2617 1116 2668 Gezicmende
1129 2619 1173 2682 ist,

664 2687 758 2736 richtct
770 2687 826 2736 sich
838 2687 1013 2736 unch‘seinem
1024 2687 1173 2737 Chnrukter.

664 2755 758 2804 Danum
781 2757 882 2806 miissen
913 2755 955 2804 die
974 2756 1079 2806 Dichter
1109 2755 1175 2804 auch

663 2818 815 2884 sehen,‘was
829 2823 872 2873 liin
881 2825 932 2873 deu
946 2824 1108 2875 Verbrecltcr
1120 2823 1175 2872 sich

663 2891 779 2954 gezierut.
810 2893 856 2940 Die
877 2891 961 2942 Natur
984 2893 1045 2942 uber
1061 2893 1174 2942 huldeni

663 2959 799 3010 Meuschen
823 2961 861 3009 uls
888 2960 1030 3010 Charalter
1051 2961 1173 3024 gegeben:

663 3035 763 3078 erstcns
782 3028 923 3090 iiberhaupt
948 3029 996 3077 den
1011 3027 1113 3089 Vurzug
1127 3043 1174 3078 vor

664 3097 713 3144 den
730 3093 850 3158 Thiereu,
869 3095 934 3145 daun
952 3097 994 3145 die
1016 3095 1175 3157 lll‘dssiguug,

666 3161 896 3224 Schumhaltigkcit
925 3180 948 3212 u.
975 3179 995 3213 s.
1020 3179 1067 3225 w.,
1097 3164 1175 3212 daher

665 3232 780 3281 leuchtct
794 3231 843 3294 ein,
861 3231 911 3280 wie
925 3232 987 3280 weit
1000 3233 1054 3280 sich
1067 3232 1112 3279 das
1125 3231 1174 3280 all-

666 3299 779 3362 gcuteiue
801 3300 851 3348 und
872 3298 917 3347 das
941 3299 1064 3363 specielle
1083 3297 1175 3348 Gezie-

665 3367 754 3416 rneude
773 3366 909 3428 erstreekt,
930 3367 954 3415 d.
974 3367 997 3414 h.
1015 3381 1042 3415 es
1061 3367 1176 3416 leuehtet

667 3435 717 3496 ein,
736 3434 794 3484 dass
813 3451 860 3484 nur
872 3435 926 3498 das,
945 3449 998 3483 was
1015 3435 1060 3482 urit
1073 3435 1119 3483 der
1131 3435 1176 3484 lto-

666 3507 755 3552 ncslas
768 3503 981 3564 iruilllgemeinen
993 3503 1043 3551 und
1053 3502 1101 3551 den
1113 3501 1176 3552 Fer·

667 3573 794 3634 derungen
814 3572 860 3621 der
876 3571 1023 3636 Missigung
1042 3569 1176 3620 insbcscu-

667 3640 725 3689 dere
749 3638 959 3698 iibereiustirnmt,
989 3637 1031 3687 fiir
1054 3653 1101 3686 uus
1131 3639 1176 3688 das

667 3707 835 3759 Geziemeude
855 3707 899 3757 ist.
927 3706 981 3756 Cic.
999 3707 1042 3756 hat
1061 3708 1107 3756 deu
1126 3704 1176 3756 Ge-

667 3775 767 3826 daukeu
798 3775 911 3825 dadurch
940 3774 1034 3824 uuklar
1052 3777 1175 3838 gemacht,

667 3845 726 3894 dass
739 3859 767 3892 er
777 3849 842 3893 statt
855 3843 894 3893 die
908 3842 999 3893 beiden
1011 3841 1178 3906 lligenschai-

667 3919 711 3962 ten
725 3912 770 3961 der
782 3909 927 3976 Menschcn,
940 3926 986 3962 eus
999 3911 1079 3960 denen
1092 3926 1120 3960 er
1132 3910 1178 3959 das
