2800 4506
226 231 288 294 218
498 229 542 280 uu
554 228 763 280 ouuluusulu.
775 228 816 280 111.
845 229 916 282 ChP.
933 230 973 284 18.
988 230 1027 282 19.

226 403 332 466 pomm
355 387 475 463 [nomen
489 381 638 466 illerum]!
659 417 716 457 -,
737 401 800 446 non
821 393 884 446 erat
904 403 1033 464 aequum
1048 383 1199 465 principes
1216 385 1296 446 eires

225 488 290 532 rem
305 471 422 541 habere,
434 470 469 530 ad
485 469 615 532 Satrium
630 469 705 530 nihil
721 478 837 548 praeter
852 486 964 531 nomen
979 471 1144 550 pervenire.
1174 471 1296 532 Etenim

226 557 252 618 si
266 555 306 628 is,
327 555 377 635 qui
393 573 454 616 non
471 555 604 618 defendit
619 554 760 617 iniuriam
781 574 879 635 neque
901 557 1068 635 propulsat,
1095 575 1164 617 eum
1184 563 1297 636 potest,

226 641 338 704 iniuste
352 640 435 714 faeit,
456 640 531 701 utin
546 641 643 720 primo
658 640 734 702 libro
755 640 895 713 disserui,
915 641 1008 718 qualis
1028 641 1184 703 habendus
1200 649 1246 704 est
1262 643 1297 714 is,

227 726 357 804 quinon
378 727 466 787 modo
486 743 547 786 non
568 726 699 805 repellit,
726 727 778 787 sed
801 726 888 788 etiam
903 726 1021 788 adiuvat
1035 723 1198 788 iniuriam?
1225 727 1332 788 blihi5

227 811 348 891 quidem
363 812 450 874 etiam
469 829 555 874 verae
576 811 751 873 hereditates
773 830 836 874 non
851 811 994 873 honestae
1009 812 1158 882 videntur,
1178 812 1205 873 si
1224 822 1297 874 sunt

140 949 147 966 ,
227 896 381 958 malitiosis
402 896 567 968 blanditiis,
594 896 758 958 oilieiorum
781 913 844 958 non
863 896 1002 970 veritate,
1029 898 1082 958 sed
1104 897 1297 959 simulatione

225 983 384 1062 quaesitae.
415 982 503 1062 Atqui
518 982 550 1043 in
566 981 672 1044 talibus
687 983 779 1043 rebus
794 982 871 1044 aliud
884 983 955 1044 utile
970 983 1130 1054 interdum,
1146 983 1228 1045 alind
1240 984 1297 1044 ho-

176 1075 207 1125 ’15
225 1077 345 1130 nestum
365 1067 457 1130 videri
471 1067 556 1129 solet.
586 1068 685 1129 Falso:
706 1086 775 1130 nam
792 1068 894 1128 eadem
910 1069 1044 1130 utilitatis
1060 1088 1135 1148 quae
1149 1069 1296 1131 honesta·

225 1154 262 1214 tis
278 1162 323 1215 est
336 1152 446 1232 regula.
478 1154 536 1226 Qui
546 1154 604 1214 hoe
618 1171 680 1214 non
695 1153 861 1232 perviderit,
873 1154 910 1215 ab
925 1155 982 1215 hoe
997 1153 1076 1215 nulla
1091 1154 1174 1214 fraus
1189 1154 1297 1228 aberit,
1316 1160 1341 1210 to

225 1239 341 1300 nullum
353 1239 478 1300 facinus.
509 1238 558 1300 Sie
573 1239 652 1300 enim
665 1239 810 1316 cogitans:
827 1247 881 1299 ‘est
895 1239 974 1301 istuc
988 1239 1107 1318 quidem
1120 1239 1295 1314 honestum,

224 1342 327 1385 verum
343 1326 401 1385 hoe
416 1323 551 1402 expedit',
565 1341 613 1384 res
629 1333 765 1385 enatura
782 1325 932 1403 copulatas
947 1323 1068 1387 audebit
1084 1342 1186 1385 errore
1202 1325 1297 1386 divel-

226 1409 300 1481 lere,
315 1410 366 1488 qui
380 1413 448 1470 fons
464 1417 510 1469 est
521 1409 680 1479 fraudium,
696 1409 916 1482 maleficiorum,
932 1411 1078 1471 scelerum
1095 1409 1245 1472 omnium.

175 1488 212 1544 19
312 1495 414 1573 ltaque
430 1493 454 1554 si
475 1493 630 1554 virbonus
646 1483 753 1556 liabent
771 1495 933 1572 benevim,
953 1503 996 1570 ut,
1012 1496 1037 1555 si
1054 1495 1152 1573 digitis
1168 1514 1295 1558 conere-

227 1579 335 1658 puerit,
355 1578 450 1658 possit
470 1579 502 1640 in
516 1579 707 1658 locupletium
731 1588 908 1642 testamenta
928 1599 1040 1642 nomen
1061 1581 1125 1642 eius
1144 1581 1295 1661 inrepere,
1314 1591 1339 1640 15

227 1666 282 1725 hae
296 1663 323 1723 vi
339 1682 400 1724 non
415 1665 534 1736 'utatur,
556 1684 594 1725 ne
609 1665 635 1726 si
650 1666 833 1745 exploratum
857 1666 976 1745 quidem
997 1666 1104 1727 babeat
1118 1665 1147 1726 id
1168 1667 1294 1728 omnino

226 1749 378 1810 neminem
393 1769 534 1830 umquam
550 1753 776 1830 suspicaturum.
807 1752 846 1812 tt
860 1753 945 1814 dares
961 1753 1037 1812 hane
1048 1752 1106 1813 vim
1121 1751 1160 1811 M.
1177 1752 1293 1824 Crasso,

226 1843 260 1896 ut
276 1835 435 1914 digitorum
450 1836 643 1916 percussione
657 1837 745 1898 heres
760 1845 863 1916 posset
874 1838 1003 1916 seriptus
1019 1856 1095 1910 esse,
1111 1836 1210 1916 quire
1226 1858 1294 1900 vera

225 1940 288 1982 non
304 1930 381 1982 esset
396 1921 491 1995 heres,
510 1922 542 1983 in
557 1923 633 2000 foro,
651 1921 834 1998 mihicrede,
856 1925 986 1985 saltaret.
1017 1921 1114 1984 Homo
1130 1930 1232 1984 antem
1247 1925 1295 1985 iu-

226 2077 273 2127 dan
290 2077 396 2142 iibrigen
415 2076 500 2126 lnhalt
518 2077 564 2126 der
575 2076 731 2128 Perantheae
785 2079 907 2130 leisesten
919 2077 1034 2128 Wunseh
1046 2072 1180 2138 iiussern'3
1193 2080 1225 2129 de
1236 2079 1293 2142 lege
1377 2065 1378 2088 ’

225 2146 355 2196 bezieben.
385 2161 474 2196 nornen
486 2143 588 2194 iliorum
600 2145 636 2196 ist
648 2146 731 2196 lland·
785 2162 838 2210 agr.
851 2145 872 2196 ll
885 2146 926 2210 30,
945 2147 978 2197 82
997 2146 1197 2212 primoquidem
1209 2163 1293 2211 aerae,
1377 2143 1378 2148 ’

226 2214 365 2275 erkltirung
383 2213 452 2264 eines
471 2213 573 2275 Lesers,
595 2215 642 2264 der
662 2215 732 2266 nieht
785 2214 820 2266 ad
831 2218 882 2266 mm
891 2218 1012 2283 prompti,
1032 2214 1067 2264 ad
1081 2215 1230 2266 sedttmnem
1243 2233 1292 2284 pa-

225 2282 356 2344 verstend‚
367 2283 425 2331 dass
436 2280 585 2332 derhusrul
592 2281 638 2332 ens
645 2287 731 2346 patro·
784 2287 845 2346 rati,
867 2286 917 2348 qui,
936 2284 1015 2334 nmol
1029 2298 1060 2332 ae
1071 2283 1155 2334 deeem
1167 2286 1220 2334 oiri
1229 2300 1291 2336 ron-

225 2366 288 2400 mtm
300 2352 363 2414 agra'
374 2350 465 2400 Piceni
475 2351 544 2413 geht.
573 2349 609 2402 lla
626 2353 660 2402 ist
672 2352 731 2402 eine
786 2355 941 2420 erepuerint,
953 2354 1088 2404 aramum
1100 2355 1201 2402 siverat
1213 2369 1294 2422 ampa-

226 2419 360 2482 Sehmaeh,
384 2419 443 2469 deas
468 2418 667 2486 Landsehalten,
690 2421 731 2471 die
785 2419 878 2471 ditiori
888 2420 988 2472 eaedem
1000 2437 1053 2470 aeae
1062 2425 1169 2488 possint.
1376 2469 1377 2472 ,

225 2488 269 2538 das
294 2487 418 2538 rimisehe
444 2489 610 2552 Biirgerreeht
639 2489 731 2552 habea,
822 2489 860 2539 15.
873 2491 998 2557 inrepere:
1011 2489 1294 2554 indemVerbnmliegt
1376 2541 1377 2548 ,

225 2556 280 2607 sloh
294 2556 499 2608 einenPatronus
514 2557 731 2622 numennumen,
785 2573 818 2608 an
836 2558 892 2608 sich
915 2559 992 2608 sehon
1017 2557 1062 2606 das
1081 2558 1223 2608 Heimliehe
1241 2559 1293 2608 und
1376 2589 1377 2606 ι

224 2623 274 2674 wie
295 2623 487 2676 nuterworfeno
499 2625 597 2676 Viillrer
619 2625 638 2684 tl
650 2626 666 2691 ξ
679 2626 731 2690 35),
785 2626 957 2688 Triigarisehe
969 2627 1013 2676 des
1025 2624 1205 2690 Eindringens.

224 2693 275 2742 und
287 2692 606 2758 voml’arteistandpuulate
617 2693 730 2757 Ciceros,
822 2695 862 2744 11.
881 2692 916 2745 Μ.
930 2695 1033 2746 Creaao:
1047 2694 1296 2746 derselbeVorwnrl

225 2762 285 2811 dass
298 2761 335 2811 aie
348 2761 558 2812 einendntonins
569 2764 618 2811 und
624 2761 732 2824 Satrius,
787 2763 854 2814 wird
866 2763 975 2814 Crassus
988 2763 1013 2811 in
1026 2764 1081 2812 dem
1098 2777 1179 2826 gagen
1193 2763 1237 2812 ihu
1249 2779 1293 2827 ge·

225 2828 296 2878 nieht
313 2830 405 2879 brutus
426 2829 475 2878 und
497 2829 600 2880 Cassius
622 2830 730 2880 wiiblan.
784 2831 912 2882 riohteten
930 2832 1048 2883 seehsten
1059 2829 1210 2881 Paradoxon
1229 2829 1291 2896 §43

226 2894 327 2948 Wollte
343 2911 400 2946 man
419 2896 474 2947 oles
489 2911 580 2947 nornen
592 2898 731 2960 straiohen,
784 2902 913 2964 gemacht:
936 2902 962 2950 ra'
977 2903 1129 2950 tertommta
1148 2902 1292 2951 amicornm

227 2979 255 3014 se
262 2963 349 3014 uriirde
358 2962 462 3016 illorum
471 2981 502 3015 ze
512 2967 731 3032 temporumnieht
783 2984 815 3018 na
826 2972 950 3036 repertor
960 2967 1062 3034 qnidam
1073 2972 1148 3033 atque
1166 2971 1220 3035 ipra
1230 2985 1291 3037 aup-

224 3046 325 3099 passm,
337 3032 369 3082 da
378 3032 407 3097 ja
419 3033 445 3085 in
459 3035 503 3084 der
512 3034 579 3097 Zeit,
592 3035 729 3086 woGieero
782 3039 866 3105 ponis.

227 3101 282 3152 dies
302 3101 414 3168 sobriat,
435 3103 536 3154 Satrius
549 3104 643 3154 Patron
664 3119 727 3168 war,
820 3102 1289 3171 lbinsero-aaltaret,erwiirdevor

226 3171 316 3221 Cicero
329 3169 417 3222 mithio
427 3175 569 3240 temporum
581 3173 674 3224 borum
685 3187 730 3237 ge-
784 3171 903 3224 Frauden
918 3173 961 3224 die
977 3173 1193 3223 unsehiekliehste
1209 3173 1293 3224 lland·

226 3237 359 3290 sehrieben
371 3241 451 3292 baben
464 3241 559 3291 wiirda.
781 3241 844 3306 lung
854 3242 974 3304 begehen.
994 3240 1053 3305 Vgl.
1062 3240 1127 3306 §su
1140 3239 1178 3306 15
1190 3242 1238 3292 115
1248 3241 1294 3292 aad

259 3308 283 3358 4.
303 3309 423 3376 inprime
435 3309 593 3375 lebrorw.
783 3308 1293 3375 ea,qunamultomabdumandatada'r-
1374 3325 1375 3328 ’

262 3377 300 3428 10.
320 3379 352 3428 ab
363 3379 408 3430 boe
419 3377 489 3429 rrum
496 3379 576 3444 fraus
584 3378 674 3440 nonu,
684 3378 731 3428 dar
783 3382 893 3445 erepant,
911 3383 940 3430 ut
950 3380 975 3428 aa·
985 3381 1030 3444 qui
1040 3380 1067 3427 a'n
1073 3379 1139 3444 foro
1151 3382 1235 3429 reniet
1245 3383 1292 3429 nul

226 3444 262 3496 ist
270 3442 343 3505 jedes
358 3448 464 3509 Betrugs
476 3445 554 3509 l'a'hig.
784 3449 809 3496 aa·
827 3462 878 3512 qua
897 3451 933 3498 eat
949 3447 1002 3498 atta
1020 3461 1117 3511 magna
1127 3449 1291 3512 perversitas.

263 3514 304 3565 13.
320 3515 479 3581 frondium
492 3515 606 3574 diuselba
618 3513 729 3565 Formio
784 3531 830 3580 pro
843 3514 910 3566 Mur.
923 3515 991 3578 o,13
1003 3516 1146 3582 nmnofara
1161 3515 1241 3566 radat
1252 3532 1292 3566 ao·

227 3580 351 3649 Pis.§4l,
370 3584 421 3648 vgl.
436 3582 551 3634 laudium
560 3582 622 3634 Phil.
638 3580 728 3648 uere.
784 3585 865 3647 ortos,
886 3586 940 3634 nisi
957 3584 1028 3650 sorta
1044 3586 1146 3644 eumn,
1168 3599 1246 3649 nequa
1266 3587 1291 3634 in

264 3653 302 3703 14.
315 3651 403 3719 digito
414 3655 595 3770 eonerapuerit.
613 3649 676 3702 Wia
684 3651 729 3702 das
784 3651 919 3702 solitudine
937 3667 1016 3717 reaque
1035 3655 1064 3702 a'n
1083 3652 1192 3702 omambto
1208 3651 1291 3703 mode-

228 3717 481 3789 digitireonerepare
516 3720 603 3770 eiehen
625 3717 666 3770 hir
682 3719 729 3770 dan
785 3723 842 3771 roto
858 3723 933 3785 mque
949 3722 1060 3770 bonerto.
1093 3718 1155 3785 Nep.
1168 3720 1255 3787 Epam.
1269 3722 1291 3784 1,

228 3783 338 3837 Shlnven
362 3789 398 3840 ist
420 3795 484 3840 statt
505 3789 549 3838 des
570 3787 730 3840 miindliebau
785 3788 800 3838 2
813 3790 909 3840 animm
920 3791 990 3840 enim
1000 3790 1114 3839 morinen
1131 3791 1227 3839 nonme
1238 3803 1291 3838 mo-

227 3852 339 3918 belehls,
369 3871 398 3906 ae
429 3857 499 3907 steht
527 3858 573 3908 der
595 3856 732 3908 Auadruok
785 3857 857 3908 rtem
879 3858 966 3908 abarae
989 3873 1007 3908 a
1028 3859 1153 3922 prineipt'a
1174 3871 1291 3924 pmaono,

228 3923 441 3988 apriiehwdrtlieh
461 3924 487 3974 in
508 3924 562 3976 dam
579 3926 657 3976 Sinna
673 3922 731 3976 ‘dau
785 3923 883 3976 enitere
895 3928 1039 3976 ramalium
1051 3927 1077 3975 in
1089 3927 1161 3975 vitiis
1170 3926 1240 4000 poni.
