2768 4498
246 215 305 275 170

467 234 468 239 ¹
554 211 597 264 1111
610 209 746 263 onnlcus
759 210 815 262 LlB.
831 209 858 261 ll.
875 211 943 260 CAP.
957 211 998 260 22.

243 368 333 440 mins,
358 385 429 428 num
446 365 516 445 quid
532 366 691 445 copiosior,
713 386 781 428 cum
802 365 1035 444 copiosissimam
1052 365 1159 426 urbem
1175 365 1309 426 funditus

243 449 438 514 sustulisset?
464 451 577 513 ltaliam
594 471 701 513 ornare
717 471 806 531 quem
822 451 945 513 domum
961 471 1047 512 suam
1063 452 1175 512 maluit.
1201 451 1311 523 Quum-

192 551 223 600 11
244 558 334 618 quam
349 538 432 598 ltalia
449 545 553 598 ornata
569 537 677 598 domus
700 537 764 616 ipsa
785 537 858 596 mihi
874 538 990 598 videtur
1006 537 1146 598 ornatior.
1191 536 1310 598 Nullum

242 624 335 702 igitur
350 623 455 684 vitium
472 623 594 685 taetrius
607 631 659 695 est,
676 630 765 697 uteo,
782 623 861 683 unde
876 641 991 700 egressa
1008 631 1063 689 est,
1079 623 1189 684 referat
1201 640 1233 682 se
1245 637 1311 682 ora-

242 710 294 778 tio,
319 728 407 788 quam
424 709 554 777 avaritia,
578 708 754 787 praesertim
775 707 807 768 in
831 707 1014 786 principibus
1036 717 1065 769 et
1085 707 1312 786 rempublicam
1331 721 1344 768 1

243 793 487 872 gubernantibus.
521 793 636 855 Habere
653 795 733 855 enim
751 794 885 872 quaestui
900 811 962 856 rem
978 793 1127 871 publicam
1144 812 1208 854 non
1224 794 1311 854 modo

243 887 330 958 turpe
346 888 401 952 est,
418 881 470 941 sed
483 881 659 941 sceleratum
672 879 763 939 etiam
775 888 805 940 et
816 879 976 952 nefarium.
998 879 1101 958 ltaque
1115 879 1197 957 quod
1209 878 1311 957 Apollo

243 965 365 1044 Pythius
382 965 533 1026 oraculum
550 965 641 1026 edidit
655 964 803 1043 '‘Spartam
825 965 905 1026 nulla
919 983 952 1026 re
969 964 1022 1024 alia
1039 963 1097 1026 nisi
1109 964 1231 1025 avaritia
1250 983 1310 1024 esse

242 1051 423 1130 perituram,
436 1051 466 1110 id
478 1050 593 1112 videtur
606 1069 667 1111 non
676 1051 772 1110 solum
781 1049 1031 1120 Lacedaemoniis
1044 1051 1096 1111 sed
1110 1049 1200 1110 etiam
1214 1048 1309 1110 omni-

242 1137 300 1198 bus
317 1137 449 1215 opulent
441 1155 465 1196 1s
483 1136 600 1215 populis
616 1135 808 1214 praedixisse.
832 1135 984 1195 Nullat
934 1143 984 1196 aut
985 1154 1031 1196 em
1047 1153 1080 1195 re
1097 1105 1352 1198 9999111999119

244 1222 327 1284 cilius
347 1221 579 1282 benivolentiam
602 1220 701 1280 multit
703 1220 802 1282 udinis
834 1230 961 1307 possunt
981 1221 1011 1292 ii,
1039 1221 1091 1300 qui
1110 1221 1155 1281 rei
1178 1205 1310 1299 publicae

242 1315 397 1386 praesunt
413 1326 502 1386 quam
519 1301 696 1366 abstinentia
708 1313 737 1366 91
753 1299 943 1366 continentia.

195 1395 227 1444 18
333 1392 389 1463 Qui
406 1410 475 1452 vero
491 1411 523 1452 sc
539 1391 696 1470 populares
712 1392 816 1452 volunt
831 1391 869 1452 ob
884 1410 1009 1472 eamque
1025 1409 1144 1452 causam
1160 1399 1212 1450 ant
1226 1407 1310 1466 agra-

243 1478 318 1542 riam
340 1497 404 1538 rem
427 1483 582 1555 temptant,
606 1485 640 1536 ut
660 1495 848 1555 possessores
868 1477 978 1555 pellant
981 1494 1016 1537 ur
1030 1477 1092 1536 suis
1109 1475 1239 1548 sedibus,
1262 1482 1310 1536 aut

242 1562 385 1644 pecunias
409 1561 535 1622 creditas
552 1562 737 1622 debitoribus
754 1562 969 1623 condonandas
985 1569 1107 1640 putant,
1134 1560 1310 1622 labefactant
1329 1574 1353 1624 15

242 1648 435 1710 fundamenta
451 1647 492 1707 rei
508 1648 650 1726 publicae,
666 1647 854 1708 concordiam
867 1648 1007 1726 primum,
1024 1666 1099 1726 quae
1111 1664 1244 1707 essenon
1255 1665 1306 1724 po-

242 1741 310 1805 test,
334 1752 401 1794 cum
418 1733 480 1794 aliis
497 1733 684 1806 adimuntur,
712 1733 775 1794 aliis
791 1735 999 1794 condonantur
1014 1733 1175 1811 pecuniae,
1204 1731 1307 1792 deinde

243 1819 431 1900 aequitatem,
450 1838 526 1898 quae
543 1820 655 1880 tollitur
667 1819 776 1890 omnis,
792 1819 816 1878 si
826 1819 1032 1880 habercsuum
1045 1818 1152 1897 cuique
1164 1817 1305 1878 nonlicet.

242 1907 276 1966 ld
291 1905 372 1966 enim
389 1913 435 1966 est
450 1905 613 1984 proprium,
631 1913 663 1964 ut
678 1922 766 1983 snpra
783 1905 851 1976 dixi,
867 1904 991 1964 civitatis
1008 1912 1097 1982 atque
1113 1904 1207 1978 urbis,
1223 1911 1256 1963 ut
1271 1902 1307 1963 sit

187 2003 219 2052 79
239 1993 331 2053 libera
347 1999 377 2051 et
391 2009 453 2051 non
470 1990 595 2051 sollicita
611 2009 681 2050 suae
696 1991 738 2049 rei
755 1989 900 2069 cuiusque
913 1989 1057 2050 custodia.
1101 1989 1199 2068 Atque
1211 1990 1241 2049 in
1258 1989 1309 2048 hac
1325 2001 1352 2050 11

277 2186 298 2234 1.
328 2183 529 2247 comosissimum
551 2181 651 2231 urbem:
686 2179 749 2230 iiber

241 2250 448 2314 dieZerstdrung
457 2249 576 2299 Corinths
589 2265 608 2299 s.
621 2267 643 2300 9.
656 2247 665 2299 l
678 2249 694 2314 ἕ
706 2251 747 2300 35.

803 2178 877 2230 malle
892 2181 938 2230 mit
955 2181 1010 2230 dem
1024 2179 1161 2245 doppelten
1172 2180 1308 2230 Accusativ

802 2249 836 2299 ist
847 2249 915 2300 nicbt
927 2249 1009 2298 selten
1019 2248 1061 2298 bei
1073 2247 1138 2298 cie:
1152 2247 1307 2306 19991123,

276 2319 299 2366 1.
319 2317 426 2368 Italiam
444 2332 542 2368 emtore.
562 2318 588 2367 ln
604 2319 690 2382 119993
706 2317 752 2368 anf
803 2317 835 2368 66
856 2319 912 2382 quis
932 2321 970 2366 esi
990 2319 1105 2366 munium
1123 2319 1197 2381 -qui
1216 2333 1242 2366 se
1262 2333 1309 2368 999

241 2385 466 2449 dieliunstwerke,
478 2387 573 2437 welche
583 2387 749 2438 durebMum-

240 2455 306 2506 mins
326 2456 389 2506 nach
405 2454 467 2506 llom
488 2455 588 2513 199199,
612 2463 668 2517 sagi
680 2455 747 2505 Plin.

240 2523 354 2575 XXXIV
368 2525 392 2588 1,
408 2525 435 2576 11
447 2522 585 2576 Mummius
595 2525 693 2574 Achaia
704 2523 748 2574 de-

240 2596 307 2644 uicta
326 2591 431 2660 repleuit
448 2594 536 2642 urbem
553 2608 602 2642 9991
614 2593 749 2643 relicturus

237 2660 416 2726 filiuedotem,

276 2732 298 2778 5.
319 2743 424 2793 9399999
436 2732 482 2791 991,
504 2727 687 2790 913999199111
703 2729 748 2780 ist.

240 2797 311 2846 Brut.
329 2799 368 2855 21,
390 2797 420 2846 82
440 2799 463 2844 is
472 2799 590 2862 prinecps
602 2812 636 2846 99
648 2795 747 2846 Latinis

241 2863 285 2913 1119
296 2867 430 2913 oratorum
440 2866 546 2930 propriu
563 2868 587 2913 91
598 2867 674 2929 quusi
684 2863 749 2931 1931-

241 2934 304 2982 timo
320 2945 397 2998 opera
413 2934 546 2993 tractauit,
567 2937 649 2983 ut
617 2933 748 2999 93999999-

241 3004 286 3049 tur·
315 3015 331 3048 u
362 3002 492 3068 preposite
522 3001 632 3052 ernaudi
660 3017 748 3052 causa

242 3067 328 3132 Quint
347 3066 418 3132 ivs,
439 3067 469 3117 12
487 3070 552 3118 19999
561 3073 665 3136 purtem
676 3085 749 3134 παρ·

242 3139 353 3200 ἔκβασιν
390 3141 481 3186 999991
523 3135 626 3202 Graeci,
665 3137 752 3189 Latini

240 3219 374 3270 egressum
402 3203 441 3254 991
467 3209 645 3272 eguessiouem.
698 3208 750 3258 Der

241 3274 448 3338 gewb'bnlicbcre
472 3275 609 3324 Ausdrncls
631 3274 674 3324 liir
698 3275 749 3324 Ab·

241 3342 381 3394 schweilen
404 3359 462 3393 vom
480 3342 573 3394 Thema
596 3343 632 3393 ist
649 3343 752 3409 digredi

241 3411 291 3460 nnd
304 3410 439 3478 9193999919.

276 3482 299 3530 9
329 3477 474 3530 9999991999
504 3475 521 3528 ἁ
545 3470 749 3562 φιλοχρηματία

240 3536 373 3627 Σπάρταν
403 3542 472 3610 etet,
505 3542 572 3598 dito
602 3547 632 3600 dt
660 3545 748 3599 οὐδέν.

241 3615 309 3665 Ρ191
325 3615 749 3682 1991199991391.9191119139

241 3684 395 3734 1111999999
410 3685 462 3734 und
479 3683 653 3751 Theopompus
666 3686 748 3736 991199

242 3752 297 3802 dies
310 3752 405 3802 099191
418 3754 534 3803 99191199
547 3753 635 3804 haben.

278 3820 316 3871 14
336 3819 502 3886 scpopulures
514 3819 608 3872 uolunt.
627 3804 776 3872 (1191199-

242 3888 348 3950 1999993
370 3903 421 3938 von
445 3903 499 3937 esse
522 3889 562 3938 bei
585 3887 650 3956 99119,
679 3888 748 3954 uelle,

802 2387 869 2435 bunc
896 2387 1104 2436 mathematicum
1135 2383 1211 2436 999191
1235 2401 1308 2450 quum

802 2453 876 2505 illum
887 2457 1043 2518 tyrenum?
1065 2453 1099 2503 11.
1116 2456 1157 2518 19,
1171 2453 1308 2504 14999119-

802 2538 864 2572 meu
881 2527 970 2572 utrum
986 2520 1074 2572 malles
1091 2526 1125 2588 19,
1155 2525 1181 2573 91
1198 2525 1308 2589 potestas

803 2595 878 2652 99991,
901 2589 979 2640 seinai
994 2595 1024 2640 ut
1039 2561 1156 2643 Laelium
1175 2589 1306 2654 9999991999,

802 2675 837 2709 uu
847 2663 875 2710 91
888 2658 995 2708 Cirmum
1006 2663 1112 2724 quater?

836 2729 975 2792 9399919999
1003 2743 1058 2778 rem
1087 2731 1228 2796 temptant.
1268 2728 1309 2778 der

803 2795 924 2846 stebende
947 2795 1082 2846 Ausdruek
1109 2796 1152 2847 srir
1177 2797 1311 2859 ιΑ919939-

802 2871 872 2914 99199
884 2864 909 2913 19
923 2864 1065 2927 Vorscblug
1077 2861 1204 2928 bringen’.

839 2935 877 2984 15.
893 2947 1051 3000 possessores
1080 2934 1137 2984 sind
1167 2935 1240 2984 nieht
1267 2934 1311 2982 Re-

804 3001 893 3059 sitzer,
910 3002 1018 3052 sondern
1031 3000 1138 3053 1919199
1151 3019 1202 3053 von
1215 3003 1312 3053 suau-

803 3069 964 3129 ltindereien;
978 3085 999 3119 9.
1013 3077 1100 3120 99199.

840 3140 878 3188 16.
902 3140 1024 3204 pecunius
1047 3139 1159 3189 creditus
1181 3147 1246 3203 991,
1270 3139 1312 3187 das

804 3207 861 3256 sind
872 3205 974 3256 19199199
985 3221 1063 3256 novae
1073 3207 1090 3271 ξ
1101 3209 1142 3259 84.

839 3275 879 3324 21.
908 3290 971 3324 suae
987 3278 1027 3324 rei
1040 3278 1174 3342 cuiusque:
1193 3278 1314 3339 99199999

804 3343 840 3392 191
851 3342 1008 3393 Femininnm
1026 3344 1076 3394 und
1088 3345 1134 3395 mit
1153 3347 1194 3394 rei
1210 3361 1242 3394 zu
1255 3358 1313 3394 ver·

804 3410 903 3461 binden.
918 3411 988 3462 Denn
1000 3427 1072 3462 wcnn
1086 3411 1313 3476 angegebenwird‚

804 3480 863 3530 dass
887 3479 1071 3530 verschiedeue
1094 3482 1211 3532 einzelne
1236 3480 1313 3539 [linge

802 3547 850 3598 aui
863 3548 1044 3599 verschiedeue
1061 3549 1176 3600 91999199
1194 3548 1313 3610 Snbjecte

804 3633 835 3666 zu
847 3617 966 3667 bezieben
977 3617 1043 3678 siud,
1063 3624 1151 3670 setzen
1170 3618 1212 3668 die
1225 3615 1314 3666 Letei·

803 3701 849 3734 ner
860 3685 935 3735 meist
947 3701 1011 3735 sures
1028 3688 1131 3750 9919999
1148 3686 1175 3736 19
1188 3686 1313 3748 gleicbem

764 3753 891 3837 ·Casns,
905 3754 1023 3804 wiiluend
1037 3755 1100 3804 decb
1113 3757 1219 3820 quisquo
1229 3755 1255 3804 in
1269 3767 1314 3800 an-

803 3823 889 3872 derem
901 3823 981 3872 Casus
993 3823 1082 3872 stehen
1095 3824 1188 3885 sollte,
1214 3838 1243 3872 so
1256 3820 1313 3870 bier

802 3893 924 3955 cuiusque
941 3897 1005 3940 statt
1023 3892 1118 3956 991999.
1137 3892 1167 3941 de
1190 3884 1311 3941 9991111
