2800 4506
221 222 281 284 184
524 217 566 269 bu
581 213 788 270 OFFlCllSLlB.
803 213 842 266 lll.
868 213 939 266 CAP.
954 215 978 265 ³.
1087 160 1098 197 ς

217 375 344 446 liuntur,
360 373 464 434 liceret
479 372 504 434 ei
521 373 618 433 dicere
633 370 792 432 utilitatem
808 369 966 449 aliquando
976 389 1045 430 cum
1057 371 1214 432 honestate
1230 389 1290 449 pu-

217 477 319 539 gnare.
342 459 400 519 Sed
413 476 481 518 cum
498 457 584 530 sitis,
601 457 651 536 qui
666 456 697 516 id
712 455 935 516 solumbonum
952 455 1071 527 iudicet,
1094 457 1172 536 quod
1191 456 1292 516 boue-

216 553 297 606 stum
320 544 373 615 sit,
397 561 473 622 quae
496 550 595 602 nutem
618 541 688 602 huic
708 550 876 621 repugnent
897 541 994 618 specie
1010 542 1136 620 quadam
1152 543 1290 604 utilitatis

217 647 322 691 eorum
345 647 443 707 neque
466 627 636 688 accessione
658 625 813 688 meliorem
836 626 926 686 vitam
952 625 1016 685 lieri
1038 643 1093 686 nec
1115 627 1290 688 decessione

216 715 359 794 peiorem,
372 729 434 774 non
444 713 563 774 videtur
577 712 714 772 debuisse
726 710 879 772 eiusmodi
892 710 1137 772 deliberationem
1149 712 1292 774 introdu-
1310 729 1326 775 5

183 869 185 876 Ι
217 815 294 871 cere,
316 799 348 859 in
364 815 422 876 qua
445 797 525 877 quod
548 798 620 858 utile
641 797 792 857 videretur
808 811 875 857 cum
892 813 937 871 eo,
959 797 1040 875 quod
1055 796 1217 858 honestum
1235 807 1290 871 est,

166 892 197 942 13
217 892 448 963 compararetur.
488 882 605 943 Etenim
621 882 699 961 qnod
717 895 868 942 summum
883 879 997 942 bonum
1014 901 1029 942 a
1047 881 1153 942 Stoicis
1169 882 1290 956 dicitur,

217 969 428 1030 convenienter
443 975 568 1028 naturae
583 968 691 1038 vivere,
712 967 742 1026 id
758 967 848 1027 habet
863 966 948 1036 hanc,
974 974 1006 1027 ut
1022 966 1139 1045 opinor,
1163 977 1289 1029 seuten-

216 1055 299 1126 tiam,
322 1073 390 1114 cum
406 1053 515 1114 virtute
527 1069 691 1132 congruere
705 1069 831 1130 semper,
848 1060 943 1112 cetera
959 1058 1068 1120 autem,
1091 1071 1168 1131 quae
1180 1071 1290 1114 secun·

217 1141 288 1200 dum
312 1147 451 1200 naturam
474 1146 584 1208 essent,
606 1137 645 1198 ita
661 1138 767 1214 legere,
791 1137 815 1197 si
832 1154 865 1197 ea
882 1136 980 1197 virtuti
997 1153 1059 1197 non
1074 1146 1288 1216 repugnarent.
1310 1159 1337 1207 ιι

217 1225 303 1297 Quod
316 1241 384 1284 cum
397 1225 438 1290 ,ita
455 1223 503 1293 sit,
519 1230 625 1302 putant
640 1222 760 1301 quidam
771 1222 848 1282 banc
864 1222 1116 1300 comparationem
1132 1240 1194 1283 non
1207 1232 1288 1284 recte

216 1311 419 1371 introductam
434 1327 491 1369 nec
506 1308 630 1369 omnino
647 1309 683 1367 de
698 1326 734 1367 eo
749 1324 857 1385 genere
873 1307 1032 1386 quicquam
1042 1307 1288 1385 praecipiendum

215 1396 319 1455 fuisse.
343 1393 432 1472 Atqui
447 1393 519 1453 illud
532 1393 651 1471 quidem
668 1393 838 1464 honestum,
862 1391 940 1470 quod
958 1392 1078 1470 proprie
1094 1409 1224 1472 vereque
1241 1395 1287 1454 di-

216 1481 304 1552 citur,
327 1479 356 1539 id
372 1478 403 1538 in
419 1478 600 1556 sapientibus
616 1484 662 1538 est
676 1477 746 1537 solis
762 1494 860 1554 neque
875 1496 891 1538 a
907 1477 1015 1537 virtute
1031 1477 1128 1538 divelli
1143 1496 1287 1557 umquam

216 1572 323 1644 potest.
347 1564 380 1623 ln
397 1563 433 1624 iis
449 1573 559 1640 autem,
577 1562 730 1642 inquibus
745 1561 1171 1642 sapientiaperiectanouest‚
1187 1564 1286 1642 ipsum
1308 1581 1335 1630 ιι

213 1649 289 1711 illud
304 1648 426 1728 quidem
442 1647 605 1728 perlectum
618 1647 780 1708 honestum
796 1647 991 1719 nullomodo,
1006 1645 1217 1709 similitudines
1229 1651 1286 1710 bo-

166 1745 196 1798 14
215 1734 293 1796 nesti
308 1753 373 1796 esse
387 1742 522 1812 possunt.
567 1729 645 1794 llaec
660 1733 741 1794 enim
757 1732 864 1804 officia,
888 1730 924 1794 de
939 1733 1048 1810 quibus
1063 1732 1109 1792 bis
1125 1732 1209 1794 libris
1224 1735 1287 1796 dis-

215 1827 367 1898 putamus,
382 1819 478 1880 media
494 1819 585 1880 Stoici
601 1819 761 1898 appellant:
784 1837 816 1878 ea
832 1818 1003 1878 communia
1019 1827 1090 1878 sunt
1106 1826 1135 1878 et
1156 1819 1217 1879 late
1234 1839 1286 1898 pa·

215 1913 291 1980 tent,
314 1919 390 1984 quae
406 1913 436 1964 et
451 1904 564 1984 ingenii
579 1903 714 1964 bonitate
731 1903 816 1963 multi
839 1910 1016 1963 assecuntur
1030 1911 1061 1963 et
1074 1905 1286 1981 progressione

253 2061 274 2110 1.
293 2057 439 2124 aliquando:
453 2073 472 2108 s.
486 2072 508 2108 z.
521 2056 569 2122 §2
812 2058 851 2107 10.
865 2061 959 2108 essent:
976 2056 1040 2106 iiber
1052 2056 1097 2107 dns
1110 2055 1286 2124 Imperfectum
1379 2049 1380 2124 l

249 2127 273 2177 3.
291 2139 379 2192 quoe-
390 2124 518 2176 utilitatis.
536 2123 653 2176 Gemeint
663 2125 722 2174 sind
776 2125 839 2175 neoh
851 2125 947 2177 dicitur
959 2141 978 2175 s.
993 2141 1014 2174 z.
1028 2123 1037 2174 l
1051 2123 1067 2188 ξ
1081 2127 1121 2176 87.
1140 2123 1191 2191 ll}
1205 2127 1246 2176 56.

215 2195 256 2244 die
267 2207 317 2245 ron
332 2195 379 2244 den
393 2193 513 2244 Stollrern
530 2194 569 2244 als
582 2193 722 2260 προηγμέ-
811 2193 850 2246 13.
862 2195 944 2259 Atqui
950 2191 1016 2244 illud
1023 2199 1071 2243 cet.
1082 2193 1129 2244 Dio
1135 2193 1287 2245 Gedunlren·

214 2259 414 2394 gokupsoguga
432 2261 613 2313 bezeichneten
633 2260 721 2326 [linge.
778 2261 939 2380 vergigdnng
952 2261 987 2312 ist
999 2262 1083 2380 ἀίοιιὺ
1094 2261 1164 2314 Nach
1178 2263 1287 2382 deffi-

235 2368 240 2380 .
276 2345 320 2380 ιιι.
399 2368 405 2382 .
775 2346 816 2394 gri
872 2345 900 2380 es
917 2345 1050 2380 summum
1083 2346 1207 2381 onomun
1271 2359 1287 2369 -

249 2399 272 2448 6.
297 2397 425 2448 vedeatur
442 2402 524 2448 -estz
542 2399 589 2448 der
598 2397 721 2450 Wechsel
775 2401 878 2448 nestum
901 2398 939 2448 ist
960 2399 1001 2448 ein
1020 2399 1128 2449 Conhiot
1153 2399 1284 2450 zwischen

215 2467 342 2518 zwischen
372 2467 420 2517 den
444 2465 528 2517 lllodis
559 2467 606 2517 der
635 2467 720 2517 oratio
775 2464 1208 2531 Tugendundllutzenunmttglioh.
1227 2465 1284 2519 Nun

214 2535 317 2602 obliqua
328 2535 379 2585 und
392 2543 463 2586 reeta
475 2535 541 2585 lisst
553 2535 669 2584 deslline
681 2536 720 2584 als
774 2534 855 2586 haben
874 2535 923 2584 wir
942 2551 969 2585 es
988 2532 1088 2585 lreilich
1113 2537 1207 2600 totquc]
1230 2537 1287 2586 hier

214 2602 412 2668 blossubjectiv,
422 2602 622 2653 uesnnteroals
634 2603 721 2666 objec-
776 2603 845 2653 nieht
856 2603 904 2653 mit
920 2603 1015 2654 diesem
1033 2603 1198 2655 vollondeteu
1210 2605 1286 2656 tone

213 2672 253 2721 tiv
271 2672 366 2736 gewlss
385 2670 542 2721 erseheinen.
580 2669 638 2734 vgr.
658 2669 720 2736 §18
775 2674 860 2728 stem,
883 2672 993 2720 sonderu
1014 2675 1062 2721 mit
1082 2672 1131 2721 den
1153 2673 1285 2724 mittieren

213 2739 480 2805 qooutoneoumost.
775 2739 899 2789 Pllichten
912 2739 1041 2789 zuthuen.
1072 2740 1143 2790 Aher
1160 2741 1226 2791 auch
1244 2741 1285 2791 bei

248 2807 271 2856 t.
289 2803 398 2856 Etenim.
418 2803 470 2856 Der
480 2805 563 2856 Natur
575 2807 683 2870 semiss,
696 2807 720 2858 d.
775 2807 1285 2861 diesenistsinconllictmitdemNutzen

212 2875 237 2924 h.
261 2876 288 2924 in
312 2873 531 2937 gleiehmiissigor,
555 2877 720 2936 ungesttirter
775 2876 801 2924 in
814 2875 928 2939 gleieher
941 2873 1031 2926 Weiss
1043 2875 1195 2939 unmdglich.
1225 2875 1283 2941 Vgl.

215 2940 477 3006 Ueberelnstimmung
492 2939 539 2991 mit
556 2943 602 2991 der
615 2941 720 3006 Tugend
775 2943 815 2992 die
836 2941 1000 3006 Verbindung
1020 2943 1100 2994 durch
1117 2947 1192 3009 atqui
1207 2944 1224 3012 ᾗ
1241 2945 1283 2996 le.
1378 2940 1379 2956 ¹

145 3011 154 3038 '
213 3027 245 3059 zu
257 3007 331 3060 leben
343 3007 420 3074 (Einl.
436 3007 452 3075 ᾖ
464 3010 504 3072 14)
517 3010 553 3060 ist
562 3009 602 3060 die
613 3011 719 3061 hiichste
773 3011 813 3062 61.
828 3011 868 3062 94.

213 3074 369 3140 Vorschrilt,
382 3077 458 3128 deren
472 3075 612 3142 Belolgung
624 3079 719 3129 unmit·
806 3077 873 3146 quod
889 3082 994 3148 proprie
1010 3091 1111 3146 vereque
1131 3080 1233 3134 dicitur.
1255 3082 1281 3132 in

213 3147 296 3197 telbcr
309 3143 349 3196 die
362 3143 719 3212 vollendeteGliichseligkeit
772 3149 859 3199 seinor
872 3143 1041 3210 elgentlichen
1052 3147 1210 3212 Redeamus,
1224 3151 1247 3199 d.
1263 3150 1280 3200 i.

213 3214 386 3266 cinsehliesst.
406 3213 499 3266 llichts
508 3215 572 3278 also,
583 3229 636 3266 was
647 3215 718 3266 diesc
771 3215 805 3266 im
816 3215 1119 3284 philosophischenSinne
1131 3215 1159 3282 (ᾖ
1172 3219 1182 3266 1
1194 3233 1219 3267 u.
1232 3217 1283 3283 tt),

212 3280 476 3346 Ucbereiustimmung
494 3285 571 3347 stllrt‚
589 3283 653 3333 hunn
676 3283 718 3333 he·
773 3281 918 3348 Gegensutz
931 3300 962 3333 zu
974 3283 1086 3336 secundo
1097 3286 1205 3336 honesta
1217 3285 1281 3352 §15⁸

211 3351 404 3415 gehrenswerth
421 3346 524 3418 (legere,
548 3359 620 3402 sonst
642 3351 719 3402 meist
809 3353 849 3403 16.
868 3352 1170 3403 eimtlttcdt'neshoneeti.
1195 3354 1221 3404 S.
1235 3353 1282 3404 z.l

212 3419 316 3484 eligere)
337 3420 387 3468 und
405 3419 521 3470 niitzlich
533 3417 575 3469 liir
587 3419 633 3470 den
647 3419 719 3470 blen-
773 3418 789 3486 ᾖ
802 3421 834 3471 lb
847 3421 988 3471 simulacra
999 3423 1111 3470 ninutas.

213 3489 288 3538 seiten
301 3487 364 3538 sein.
812 3487 851 3540 tt.
866 3487 1092 3540 Ueberdenlnhelt
1102 3487 1147 3539 des
1156 3485 1174 3554 ἦ
1184 3487 1281 3542 clttnt.

246 3555 270 3605 9.
288 3555 426 3606 secundum
437 3558 568 3620 ederam,
580 3555 622 3605 die
632 3553 719 3620 lllnge,
774 3556 791 3622 ᾗ
804 3556 836 3606 20
850 3571 873 3606 ιι.
887 3573 909 3607 z.
924 3555 961 3624 ld
974 3557 997 3608 8.

211 3623 310 3674 welche
323 3621 467 3688 nhgesehen
479 3637 528 3674 von
542 3624 588 3674 der
600 3621 719 3674 Sittlich-
808 3621 873 3674 rrae
890 3628 966 3676 enim.
990 3626 1042 3676 ller
1054 3623 1133 3676 durch
1145 3627 1214 3674 enim
1226 3625 1284 3676 ein·

212 3689 267 3740 heit
285 3691 331 3740 der
342 3691 426 3743 Natur
444 3691 514 3741 mehr
532 3693 719 3757 entsprechend
772 3691 892 3757 geldhrte
905 3689 993 3744 Grund
1011 3693 1081 3744 steht
1102 3701 1158 3744 erst
1178 3694 1206 3743 in
1225 3693 1281 3744 dem

209 3757 265 3807 sind
277 3758 318 3808 uls
336 3759 393 3810 ihre
406 3757 583 3822 Gegentheile,
596 3759 652 3810 also
666 3754 717 3809 Ge·
772 3759 963 3826 Relativsetze3
976 3779 997 3812 z.
1012 3760 1057 3828 ll}
1071 3761 1109 3814 1⁷.

210 3823 337 3889 mudheit‚
351 3827 492 3890 Vermb'gen
514 3841 537 3876 u.
552 3841 572 3877 s.
586 3841 618 3878 w.
647 3827 715 3878 llinl.
807 3829 846 3880 19.
873 3833 973 3897 ingenit
988 3831 1100 3881 concute
1115 3833 1141 3879 et
1155 3841 1281 3898 progres-

208 3892 279 3960 522.
770 3899 841 3949 sione
853 3897 974 3949 discendi.
1010 3898 1095 3949 llurch
1115 3894 1217 3966 εὐφυία
1235 3897 1283 3962 τῆς
