2768 4506
402 172 703 227 prorumpunt
733 173 805 229 CAP.
820 178 861 229 13.
1124 183 1165 243 57

88 333 282 395 Cannensem
296 345 427 406 pugnam
443 347 518 408 quos
533 329 637 390 decem
652 327 798 392 Hannibal
808 329 934 392 Romam
952 334 1090 396 astrictos
1106 336 1167 397 rni-

87 419 129 480 sit
143 417 210 478 iure
226 414 353 477 iurando
361 433 393 474 se
401 414 549 475 redituros
563 433 638 487 esse,
651 414 708 475 nisi
721 416 756 476 de
768 415 951 479 redimendis
967 417 1011 492 iis,
1026 420 1077 500 qui
1089 421 1165 500 capti

90 510 187 574 eraut,
203 501 425 578 impetrassent,
443 518 493 560 eos
510 516 615 560 omnes
631 516 781 572 censores,
805 502 902 580 quoad
917 503 1045 583 quisque
1061 524 1166 566 eorum

88 587 172 658 vixit,
190 585 241 664 qui
256 585 450 663 peierassenl‚
471 584 503 644 in
524 584 645 646 aerariis
665 585 861 664 reliquerunt,
883 605 940 648 nee
960 589 1061 650 minus
1083 589 1166 650 illum

52 672 143 752 aqui
158 671 234 732 iuris
250 669 369 730 iurandi
383 670 487 730 lraude
510 670 627 748 culpam
648 669 813 732 invenerat.
849 671 924 732 Cum
948 673 1028 734 enim
1049 674 1165 734 Hanni-

87 756 164 818 balis
180 755 330 835 permissu
345 755 454 816 exisset
469 754 506 816 de
522 755 637 826 castris,
653 755 743 815 rediit
757 756 844 834 paulo
860 767 938 835 post,
955 760 1035 837 quod
1057 777 1090 820 se
1112 759 1166 820 ob·

87 843 176 905 litum
189 839 290 902 nescio
302 839 374 918 quid
387 839 506 900 diceret.
536 838 648 900 Deinde
661 857 798 917 egressus
814 861 830 900 e
845 843 949 903 castris
963 842 1166 906 iureiurando

88 947 122 989 se
137 925 272 986 solutum
288 924 419 1004 putabat,
435 932 464 985 et
479 933 543 984 erat
557 924 664 996 verbis,
680 943 713 985 re
730 943 792 986 non
809 933 881 986 erat.
919 927 1045 1006 Semper
1067 937 1166 990 autem

88 1013 122 1073 in
137 1011 199 1070 fide
215 1009 287 1088 quid
303 1009 443 1080 senseris,
464 1027 527 1070 non
549 1010 621 1089 quid
644 1009 752 1070 dixeris
773 1011 974 1088 cogitandum.
1005 1012 1165 1081 Maximum

38 1100 70 1151 10
88 1104 195 1158 autem
208 1095 378 1174 exemplum
390 1105 437 1155 est
448 1094 578 1156 iustitiae
589 1095 621 1154 in
632 1088 749 1155 bostem
762 1115 778 1156 a
794 1096 957 1158 maioribus
969 1098 1081 1159 nostris
1094 1117 1166 1159 eon-

90 1182 243 1250 stitutum,
259 1198 328 1240 cum
343 1199 360 1240 a
376 1180 488 1258 Pyrrho
503 1180 626 1258 perfuga
642 1179 759 1240 senatui
788 1189 834 1240 est
848 1181 997 1260 pollicitus
1019 1203 1052 1244 se
1076 1202 1167 1244 rene-

89 1285 167 1328 uum
182 1265 246 1343 regi
261 1265 399 1326 daturum
425 1273 455 1326 et
477 1284 545 1326 eum
562 1274 751 1325 necaturum:
778 1274 901 1326 senatus
923 1275 953 1328 et
968 1269 998 1328 (l.
1015 1267 1167 1330 Fabricius

91 1352 251 1432 perfugam
267 1349 381 1429 Pyrrho
398 1349 521 1410 dedidit.
553 1349 594 1411 lta
618 1368 657 1409 ne
676 1349 770 1410 bostis
787 1350 908 1429 quidem
933 1360 963 1413 et
985 1353 1115 1432 potentis
1137 1362 1168 1414 et

91 1437 206 1498 bobum
230 1435 309 1496 ultro
330 1434 485 1496 inferentis
507 1434 662 1496 interitum
686 1453 755 1494 curn
769 1435 881 1498 scelere
903 1439 1095 1516 approbavit]
1128 1433 1170 1500 dc
1188 1444 1218 1494 41

43 1527 74 1579 15
93 1523 131 1582 de
148 1521 263 1582 bellicis
279 1520 399 1599 quidem
416 1519 522 1581 officiis
537 1520 610 1580 satis
626 1519 737 1580 dictum
754 1529 808 1581 est.
831 1521 1056 1584 Meminerimus
1067 1531 1169 1585 autem

91 1607 185 1668 etiam
205 1605 346 1668 adversus
368 1605 488 1666 infimos
508 1604 652 1666 iustitiam
679 1621 745 1664 esse
769 1607 955 1668 servandam.
992 1609 1047 1669 Est
1068 1617 1169 1670 autem

91 1693 198 1754 intima
209 1690 345 1752 condicio
359 1697 389 1750 et
399 1690 520 1751 fortuna
529 1707 696 1761 servorum,
704 1688 812 1768 quibus
822 1709 883 1750 non
895 1693 971 1752 male
982 1694 1169 1772 praecipiunt

92 1777 147 1857 qui
157 1776 199 1836 ita
211 1776 316 1837 iubent
327 1775 370 1836 uli
381 1783 416 1836 ut
424 1773 654 1836 mercennariis:
671 1791 793 1854 operam
803 1776 1169 1858 exigendamiustaprae-

92 1861 203 1925 benda.
238 1861 313 1921 Cum
329 1867 429 1920 autem
445 1859 563 1920 duobus
579 1859 686 1931 modis,
707 1859 737 1918 id
754 1867 799 1921 est
815 1869 866 1922 aut
880 1859 909 1920 ri
924 1867 977 1922 aut
990 1862 1104 1935 fraude,
1116 1865 1168 1923 fiat

38 1947 71 1998 2⁰
92 1947 212 2017 iniuria,
227 1945 311 2006 fraus
326 1945 412 2026 quasi
427 1945 606 2024 vulpeculae,
621 1944 665 2004 vis
679 1943 774 2005 leonis
788 1945 917 2006 ridetur:
934 1953 1096 2026 utrumque
1110 1948 1168 2007 bo-

93 2033 176 2094 mine
193 2030 419 2101 alienissimum,
436 2031 488 2090 sed
504 2031 586 2090 fraus
602 2028 670 2090 odio
687 2029 775 2107 digna
790 2029 911 2092 maiore.
941 2029 1046 2092 Totius
1066 2039 1167 2094 autem

92 2116 259 2178 iniustitiae
275 2116 355 2177 nulla
371 2115 523 2194 capitalior
538 2133 627 2193 quarn
643 2132 756 2185 eorum,
773 2116 921 2194 quitum,
948 2136 1016 2177 cum
1038 2117 1167 2180 maxime

93 2273 148 2322 keit
171 2272 199 2322 in
222 2272 268 2322 der
286 2269 365 2322 Wabl
386 2269 431 2319 der
453 2269 603 2322 Ansdriickc
657 2265 689 2318 lll
707 2268 740 2317 22
758 2285 795 2335 pr.
814 2284 914 2332 emmo,
935 2274 966 2320 nt
981 2268 1066 2337 placet
1087 2271 1167 2337 Otry-

93 2341 165 2404 zeigt
176 2355 194 2388 a
276 2341 309 2389 bo
322 2337 604 2406 perfuga-perfugam
658 2337 741 2401 cippo,
754 2340 896 2404 perpetuus
912 2341 1104 2388 mercennurius
1120 2343 1165 2389 ert.

93 2409 200 2476 Pyrrho
265 2407 325 2470 altit,
349 2407 399 2454 und
423 2407 449 2457 iu
467 2407 602 2456 denselbeu
657 2401 1168 2468 Ucbrigensgebbrtdlcltrwdbuungrler

92 2477 207 2527 Worten
220 2476 327 2526 iateinc
340 2474 605 2526 schlcebtcSatzvcr·
658 2471 769 2523 Selavcu
791 2471 861 2521 nicht
884 2471 908 2520 io
934 2471 982 2522 deu
1004 2472 1168 2524 Zosammou·

92 2545 215 2608 bindung.
241 2544 319 2594 Zwar
337 2541 408 2592 nicht
425 2542 604 2606 grammaticen
659 2541 733 2603 hang.

91 2612 189 2672 lulach,
205 2611 270 2662 uber
287 2612 351 2661 doeb
363 2610 557 2675 ungewltbulieb
569 2610 605 2660 iet
692 2611 776 2672 iusta,
795 2608 819 2658 d.
837 2607 853 2656 l.
873 2607 1069 2672 reebtmdssiger
1086 2607 1167 2674 bobo,

92 2679 159 2746 quod
169 2679 265 2730 diceret
278 2680 308 2742 (s.
319 2679 430 2743 Madv.§
441 2679 489 2728 357
503 2695 518 2728 a
530 2679 602 2728 Anni.
660 2677 715 2727 also
729 2676 874 2739 Wobuung,
886 2672 1021 2740 bleldam,
1035 2675 1167 2741 Numerus,

93 2751 128 2812 2),
143 2763 184 2797 wo
197 2747 266 2812 quod
277 2745 372 2797 ocum
388 2751 453 2797 ercet
466 2746 529 2797 oder
540 2744 606 2812 qnod
659 2745 700 2795 dic
718 2743 764 2794 aul
779 2747 796 2795 4
814 2744 877 2794 oder
896 2744 1028 2796 bblodlou
1047 2743 1166 2795 Getreidc

89 2833 119 2867 so
137 2813 183 2866 ott.
201 2831 257 2865 esce
273 2815 370 2865 dr'ccbat
391 2820 482 2878 geeagt
500 2815 604 2865 werden
659 2813 799 2862 mouutlieb
816 2811 969 2876 lestgesetzt
987 2827 1049 2863 war.
1076 2813 1166 2864 Donat.

90 2890 198 2934 musta.
223 2881 327 2950 culpem
344 2884 456 2934 invenire
474 2883 538 2932 wird
558 2896 605 2932 zur
658 2897 680 2930 z.
695 2878 755 2931 Tor.
766 2880 889 2931 Phorml
907 2885 929 2944 1,
941 2881 966 2931 9.

92 2952 163 3004 Netb
176 2950 337 3014 vortbeldigt
353 2951 433 3001 durcb
450 2949 482 3000 ud
494 2949 603 3000 Horcon.
693 2948 735 3001 21.
757 2947 842 3000 Totius
859 2951 999 3000 iniustitiae
1009 2947 1092 3014 nulla,
1108 2945 1169 2999 ‘von

90 3019 125 3072 lV
139 3019 181 3083 36,
193 3019 227 3068 48
241 3033 299 3070 eam
310 3021 521 3087 vituperatorem
535 3021 605 3069 iuve-
658 3017 727 3066 alleu
740 3018 821 3068 Arten
834 3017 881 3069 der
893 3017 1122 3080 Ungerecbtigkeit
1132 3017 1169 3067 ist

92 3089 179 3138 nette
658 3083 749 3135 koinc’.
761 3083 1168 3136 Umversebiedenedrtoucines

128 3158 168 3209 17.
187 3155 281 3220 quibua
293 3154 417 3204 ver-binde
429 3154 476 3204 mit
489 3157 536 3205 uti.
552 3153 604 3205 Dor
658 3151 805 3204 obstruetur
834 3152 942 3217 begriffa
966 3151 1168 3215 uuszndriicken,

91 3225 236 3291 Hauptaatz
248 3237 300 3272 nore
311 3237 346 3272 m.
357 3224 518 3289 praecipiunt
529 3223 565 3272 ist
577 3221 604 3272 in
658 3221 759 3272 bedient
771 3221 826 3271 oieb
840 3221 892 3271 Cic.
905 3221 1038 3270 entwedor
1051 3221 1095 3271 des
1108 3220 1169 3270 l’lu·

93 3293 142 3342 den
156 3290 341 3342 relativiscbeu
354 3289 500 3340 Neboueatz
519 3289 605 3352 einge—
659 3289 721 3353 mla,
734 3289 751 3354 §f
764 3289 797 3338 78
807 3287 989 3356 fortitudines.
1018 3285 1035 3351 6
1052 3290 1081 3337 19
1093 3285 1170 3337 multi

92 3361 239 3423 scblosaen,
256 3359 307 3408 und
327 3359 368 3408 dle
385 3358 492 3409 Periodo
509 3359 605 3423 quitu-
658 3356 764 3407 reditur.
786 3356 864 3422 §103
876 3358 980 3422 quieter.
1009 3354 1026 3420 ᾗ
1046 3355 1090 3408 131
1112 3359 1168 3405 tor·

92 3429 340 3494 baut-praecipiunt
352 3426 432 3476 dureb
444 3427 493 3477 den
504 3425 605 3478 Nebeu-
661 3425 752 3475 ditctor
764 3428 886 3491 ingressu
892 3421 1033 3480 molliores.
1059 3421 1092 3472 lll
1104 3421 1121 3488 ξ
1135 3421 1169 3472 84

93 3503 151 3547 satu
169 3495 324 3547 relatiriaeb
341 3510 372 3544 an
392 3494 436 3543 dna
459 3495 605 3557 Verbergo·
660 3491 1169 3558 diurm'nocturnipuemetur,oderoiuor

93 3563 174 3614 bonde
186 3562 395 3628 engesouloesem
408 3577 462 3612 was
472 3561 559 3613 beiden
571 3562 605 3612 im
659 3559 860 3623 Uruscbreibung
869 3561 916 3611 mit
927 3561 1011 3610 omnio
1020 3559 1080 3610 oder
1089 3563 1167 3622 totus,
1206 3578 1211 3586 ’

93 3631 288 3692 bntcinlscbeu,
310 3630 382 3680 nicht
405 3630 439 3680 im
460 3628 604 3680 Dentseben
658 3626 743 3694 1595
758 3633 867 3696 pertinet
884 3628 920 3679 ad
935 3643 1035 3678 munem
1051 3629 1167 3678 bonerto-

95 3700 205 3763 mdglieb
226 3701 270 3749 ist.
297 3699 351 3762 vgl.
373 3696 390 3763 ξ
411 3697 444 3748 lt
464 3700 492 3746 iu
513 3701 604 3762 quibua
659 3701 717 3746 tem.
748 3696 861 3748 Fiirdeu
875 3695 1167 3760 chaukcnvgl.l’lato

97 3765 214 3828 praelato
224 3769 317 3834 agitur
328 3769 359 3816 st.
657 3765 689 3815 de
700 3781 755 3831 rep.
773 3764 793 3816 Il
807 3765 854 3816 361
870 3781 886 3815 a
897 3757 995 3833 ἐσχάτη
1007 3760 1063 3834 γὰρ
1075 3760 1167 3814 ἀδικία

129 3835 166 3886 16.
174 3838 261 3901 quida
269 3835 356 3886 iubent
364 3835 473 3885 :Seneca
481 3830 601 3884 debenti.
656 3831 751 3886 δοκεῖν
763 3835 872 3886 δίκαιον
883 3831 953 3885 εἶναι
963 3828 1002 3902 μὴ
1016 3829 1089 3884 ὄντα.
