2768 4498
221 236 281 298 118
508 234 552 284 ult
564 231 702 284 brucus
714 231 775 282 Llli.
787 230 805 281 l.
830 229 901 282 CAP.
914 231 956 282 43.
968 232 1011 282 44.

220 389 447 470 legitnrstndiis
463 388 628 467 ciliciisque
643 386 783 448 scientiae
793 385 1003 465 praeponenda
1020 405 1087 447 esse
1099 385 1196 446 cilicia
1209 387 1290 448 iusti·
1371 423 1372 438 1

217 475 285 546 tiae,
302 493 378 553 quae
388 474 542 553 pertinent
552 473 587 532 ad
598 473 754 533 hominum
764 471 933 544 utilitatem,
949 489 1006 550 qua
1018 471 1092 532 nihil
1103 471 1289 532 hominicsso
1371 439 1372 504 1

159 557 202 614 tt
217 560 307 620 debet
322 558 483 638 antiquius.
513 558 610 636 Atque
625 557 677 630 illi,
692 575 820 637 quorum
836 556 932 616 studia
947 557 1065 635 vitaque
1080 557 1181 616 omnis
1197 558 1228 618 in
1244 576 1290 618 ra-

218 663 285 705 mm
303 643 473 721 cognitione
488 652 603 704 versata
621 650 675 712 est,
690 650 792 703 tamen
805 641 841 702 ab
854 641 997 720 augendis
1008 641 1170 716 bominum
1182 643 1289 704 utilita-

217 729 298 790 tibus
315 737 345 789 ct
360 728 526 789 commodis
541 745 603 788 non
619 734 821 788 recesserunt.
833 725 908 786 Nam
922 734 953 786 et
964 725 1160 787 erudiverunt
1173 728 1289 800 multos,
1304 743 1316 790 5

218 831 278 894 quo
288 813 427 874 meliores
439 813 518 874 cives
530 813 723 892 utilioresque
733 811 825 872 rebus
837 810 900 872 suis
912 809 1037 890 publicis
1046 821 1156 888 essent,
1171 812 1288 874 utThe-

216 899 326 960 hanum
343 898 580 978 Epaminondam
596 899 680 976 Lysis
695 897 915 976 Pythagoreus,
946 897 1135 975 Syracosium
1164 897 1286 958 Dionem

206 984 301 1044 Plato
316 985 462 1063 multique
478 985 602 1055 multos,
624 1001 740 1061 nosque
758 981 817 1059 ipsi
837 981 979 1060 quicquid
1002 982 1037 1041 ad
1059 981 1286 1060 rempublicam

219 1069 382 1136 attulimus,
399 1071 423 1128 si
439 1069 527 1128 modo
544 1067 652 1147 aliquid
668 1066 829 1135 attulimus,
845 1085 861 1126 a
877 1066 1286 1146 doctoribusatquedoctrina

150 1161 199 1213 156
216 1154 353 1215 instructi
370 1154 404 1214 ad
428 1172 494 1214 eam
517 1161 546 1213 et
569 1152 666 1214 ornati
682 1151 869 1213 accessimus.
901 1152 1004 1229 Neque
1016 1153 1112 1212 solum
1129 1151 1190 1211 viri
1201 1160 1285 1232 atquo
1302 1167 1325 1216 u

216 1249 392 1318 praesentes
407 1239 558 1299 studiosos
575 1237 706 1298 discendi
716 1237 954 1316 cmdiuntatque
964 1237 1073 1297 docent
1085 1237 1286 1298 sedhocidem

217 1325 304 1385 etiam
330 1330 549 1402 postmortem
573 1321 781 1382 monumentis
804 1323 969 1382 litteramm
986 1331 1200 1401 assequuntur.
1229 1321 1287 1383 Nec

216 1409 295 1469 enim
319 1409 401 1468 locus
424 1409 503 1469 ullus
525 1416 577 1468 est
591 1403 818 1487 praetermissus
835 1407 871 1466 ab
887 1407 933 1478 iis,
956 1407 1006 1485 qui
1022 1407 1058 1468 ad
1073 1409 1166 1486 leges,
1191 1409 1286 1486 quiad

216 1511 326 1565 mores,
342 1492 393 1571 qui
409 1495 445 1553 ad
462 1492 648 1571 disciplinam
664 1493 709 1553 rei
720 1491 854 1570 publicae
863 1491 1035 1572 pertineret,
1049 1501 1082 1552 ut
1094 1493 1189 1553 otium
1203 1512 1285 1553 suum

215 1579 252 1638 ad
268 1586 405 1638 nostrum
422 1577 575 1655 negotium
592 1578 753 1638 contulisse
764 1577 928 1638 videantur.
953 1577 994 1637 lta
1010 1577 1051 1637 illi
1067 1577 1123 1656 ipsi
1136 1577 1286 1638 doctrinae
1305 1589 1327 1638 15

215 1662 322 1723 studiis
339 1671 370 1722 et
390 1663 549 1742 sapientiae
566 1663 658 1723 dediti
674 1665 708 1722 ad
724 1662 881 1723 bominum
897 1660 1055 1722 utilitatem
1073 1681 1158 1723 suam
1169 1663 1286 1724 intelle-

175 1745 179 1756 *
215 1747 347 1826 gentiam
366 1749 616 1827 prudentiamque
625 1747 814 1828 potissimum
829 1748 1000 1820 conferunt,
1012 1746 1051 1807 ob
1063 1767 1189 1827 eamque
1201 1749 1286 1808 etiam

215 1851 336 1894 causam
352 1835 450 1912 eloqui
466 1833 597 1911 copiose,
624 1833 715 1893 modo
731 1833 907 1911 prudenter,
935 1831 1041 1892 melius
1063 1841 1110 1894 est
1131 1851 1221 1912 quam
1243 1835 1289 1894 vel

215 1918 386 1978 acutissime
401 1919 467 1979 sine
483 1919 651 1996 eloquentia
660 1918 797 1995 cogitare,
811 1919 891 1996 quod
904 1917 1040 1995 cogitatio
1051 1917 1083 1977 in
1096 1937 1128 1978 se
1144 1919 1209 1997 ipsa
1221 1937 1287 1978 ver-

215 2003 300 2076 titur,
316 2004 485 2083 eloquentia
493 2001 703 2082 complectitur
710 2021 773 2076 eos,
785 2002 960 2081 quibuscum
969 2002 1186 2064 communitate
1198 2003 1290 2064 iuncti
1305 2020 1330 2068 11

437 2139 479 2158 W!
482 2141 497 2154 ¹⁸¹

217 2166 430 2243 “''a'tomtnum
448 2191 602 2256 utilitatem,
621 2194 643 2242 d.
658 2191 725 2242 baal
775 2193 841 2253 kam,
866 2191 946 2256 lolqte
971 2208 999 2242 ar
1023 2193 1074 2245 ihm
1099 2194 1149 2243 und
1174 2195 1286 2244 waceio

215 2275 373 2311 communem
385 2261 535 2324 utilitatem,
551 2261 601 2311 wie
613 2261 646 2311 im
659 2259 721 2325 lolg.
776 2268 863 2311 troner
876 2261 1012 2324 Anhiinger
1032 2261 1120 2312 sciner
1142 2260 1226 2312 Lehre
1249 2263 1287 2312 bis

215 2329 290 2378 Satze
301 2329 334 2377 ab
346 2329 474 2394 augendis
486 2331 552 2379 born..
564 2329 722 2378 utilitatibus
776 2345 832 2378 zum
845 2328 917 2378 Euda
930 2329 1015 2379 scices
1031 2328 1145 2380 vicllach
1157 2330 1287 2394 hewegten

214 2397 294 2462 und§
311 2399 357 2446 156
376 2397 412 2446 ad
427 2399 560 2448 hominum
581 2397 722 2448 utilitatem
778 2396 877 2446 hebens
892 2396 951 2458 (353
965 2413 989 2446 v.
1004 2395 1083 2460 Chr).

214 2471 303 2530 gesagt
327 2465 370 2516 ist,
423 2465 493 2516 Dcnn
522 2467 566 2516 das
591 2467 636 2516 den
661 2465 724 2516 Mit-
812 2465 836 2514 8,
854 2479 946 2530 uosque
958 2467 1022 2532 ipsi:
1039 2465 1287 2532 donat.deor.13,li

214 2535 348 2584 menschen
361 2533 498 2586 Niitzlichc
515 2551 546 2584 zu
563 2531 667 2584 iiirdern
688 2533 724 2582 ist
778 2545 826 2582 uos
837 2559 854 2567 -
867 2548 924 2583 cum
936 2535 1043 2582 minime
1061 2533 1220 2596 uidebamur,
1236 2539 1289 2584 tum

215 2602 254 2652 die
266 2601 500 2667 hauptsiichlichste
512 2601 603 2653 Pllicht
614 2602 660 2652 der
673 2599 724 2650 Ge·
780 2603 898 2650 mauime
908 2601 1160 2668 philosopdahamur,
1181 2601 1250 2667 qaaod
1266 2605 1289 2650 et

214 2669 382 2734 rcchtigleit;
403 2685 424 2720 s.
442 2668 526 2734 1522
545 2673 572 2718 iu
588 2670 634 2718 hoc
650 2673 726 2719 uatu-
781 2671 911 2718 orationes
930 2667 1060 2719 declarant
1078 2671 1194 2735 raserias
1210 2671 1288 2738 pauo-

215 2753 272 2787 ram
293 2736 411 2788 debeamus
435 2735 525 2788 ducem
548 2739 632 2802 sequi,
656 2751 726 2787 com-
779 2737 915 2804 sophorum
935 2741 1068 2786 sententias
1089 2743 1114 2787 et
1131 2737 1290 2788 doctissimo·

214 2821 304 2855 macrias
315 2804 443 2854 utilitates
455 2808 482 2854 iu
497 2803 608 2854 aradium
620 2806 725 2870 afferre.
779 2819 839 2854 rum
851 2805 984 2855 hominum
993 2805 1216 2872 familiaritates,
1237 2809 1290 2873 qai-

251 2875 274 2920 5.
296 2869 362 2922 Nam
375 2875 411 2921 et:
431 2872 724 2938 dementspricht§156
779 2873 825 2922 bus
845 2888 946 2940 semper
966 2873 1059 2923 domus
1082 2879 1172 2924 nostra
1192 2877 1290 2940 floruit,

217 2939 296 3004 aequa
309 2939 390 2990 solum
403 2940 492 2990 —sad
502 2943 589 2990 etiam.
779 2943 804 2990 at
824 2943 953 3008 principes
976 2941 1016 2991 illi
1036 2941 1175 3006 Drhdotus,
1208 2943 1289 3006 Philo,

251 3009 275 3057 1.
289 3005 371 3073 Lysis:
391 3008 433 3057 hei
447 3010 490 3058 der
499 3006 660 3072 Veriolgung
679 3007 724 3073 der
778 3010 931 3074 Antiochus,
944 3009 1106 3072 Posidonius,
1117 3025 1134 3058 a
1146 3012 1239 3076 quibus
1250 3014 1289 3060 ia·

215 3073 392 3142 Pythagorecr
404 3075 429 3125 in
443 3075 613 3128 llnteritalien
628 3082 724 3126 rettete
778 3079 871 3127 stituit
880 3093 978 3128 mmus.
1001 3078 1053 3130 Der
1065 3077 1195 3129 Nachsatz
1207 3094 1290 3128 acces·

216 3159 244 3193 er
256 3143 310 3194 sich
319 3161 368 3194 von
380 3143 725 3195 seinerVaterstadtTarent
777 3146 861 3195 umus
873 3145 1016 3210 entspricht
1028 3147 1084 3196 dem
1094 3147 1206 3202 aweiten
1217 3145 1291 3196 Theil

216 3210 455 3276 nach'l'heben‚wo
469 3214 573 3263 erauch
586 3212 665 3263 starb.
690 3211 724 3262 Es
779 3214 823 3263 des
836 3213 1022 3264 Vordersatzes
1043 3216 1069 3263 si
1086 3215 1160 3264 modo
1180 3216 1214 3266 al.
1231 3219 1291 3278 att„

215 3279 313 3330 werden
336 3281 385 3329 ihm
408 3278 534 3330 Schriften
548 3282 612 3331 iiber
629 3279 725 3348 Pytha·
779 3280 850 3330 nicht
861 3281 917 3331 dom
928 3280 1051 3346 quidquid
1060 3289 1108 3332 cet.

216 3364 292 3413 goras
305 3350 354 3398 und
367 3349 437 3398 seina
449 3349 531 3398 Lchrc
544 3349 678 3412 beigelegt.
815 3350 855 3400 10,
868 3351 918 3398 ctu
925 3353 1001 3414 atqua
1007 3355 1173 3416 praeacutas:
1186 3355 1291 3416 persilu-

249 3415 414 3482 Sprucosius:
433 3417 650 3481 diagriechische,
663 3415 726 3466 abor
780 3417 844 3478 lich3
858 3431 878 3466 s.
893 3415 909 3481 ᾗ
924 3420 964 3469 11.

215 3485 280 3534 auch
301 3486 334 3535 irn
357 3485 537 3536 Latoiuischoa
559 3485 725 3535 nichtsolton
816 3486 854 3536 16.
867 3483 1291 3550 iutellagmtaa,ichgcnsatzan

215 3553 370 3616 gebrauchte
382 3552 578 3617 Adjectivlorm.
777 3551 915 3619 prudentia
926 3554 1115 3605 theoretiaches
1129 3555 1245 3606 Wissen.

249 3619 725 3686 Dio,der0heimdesjiingerculiio-
816 3622 857 3672 19.
885 3624 912 3670 iu
934 3637 961 3670 sc
981 3623 1040 3688 ipsa
1052 3623 1292 3674 amicturzbczieht

216 3688 313 3752 nysius,
326 3690 415 3740 dassen
429 3687 581 3740 llerrschait
598 3704 627 3739 er
639 3688 726 3754 spiitar
779 3688 834 3738 sich
852 3687 898 3738 aul
912 3688 967 3740 sich
985 3689 1069 3740 salbst
1080 3691 1186 3742 aurhck.
1221 3691 1291 3742 liena

217 3755 330 3818 stiirzte,
362 3758 425 3819 hiag
448 3765 536 3808 ruerat
566 3758 610 3808 dor
635 3757 725 3822 pytha-
779 3755 1037 3808 uertihatdonSina
1050 3757 1291 3810 vonuarsari.Liv.

215 3823 367 3886 gerelschen
380 3822 546 3890 Philosophia
559 3842 601 3890 an,
612 3825 674 3876 abor
686 3825 725 3874 als
779 3823 814 3876 Vl
827 3823 868 3888 36,
883 3827 896 3874 'l
910 3827 936 3874 iu
949 3828 1046 3876 mamre
1057 3825 1211 3878 discrimine
1223 3825 1294 3878 domi

216 3888 290 3940 Plato
315 3891 365 3942 389
388 3907 413 3943 v.
439 3892 497 3942 Chr.
522 3895 587 3944 nach
612 3893 725 3959 Syracus
780 3893 1005 3944 assumebantur.
