2768 4498
206 245 248 307 86
517 238 818 292 presumpserat.
846 238 918 292 car.
932 241 974 293 ee.

204 406 265 459 tate
280 414 479 476 personarum
493 393 583 456 etiam
599 394 713 456 vitiosis
728 395 798 474 quid
816 395 970 456 conveniat
985 403 1015 456 et
1030 395 1100 474 quid
1116 396 1220 458 deceat
1235 397 1280 458 vi-

205 480 329 552 debunt,
351 481 437 542 nobis
466 488 567 543 autem
586 498 655 540 cum
679 499 696 540 a
716 488 823 542 natura
843 479 1028 542 constantiae
1050 481 1281 555 moderationis,

203 566 415 646 temperantiae
430 565 624 628 verecundiae
639 573 738 644 partes
760 566 845 628 datae
866 566 928 627 sint
949 583 1076 643 eumque
1097 566 1202 627 eadem
1223 586 1281 628 na-

204 661 269 713 tura
286 652 392 712 doceat
406 669 468 712 non
482 651 636 729 neglegere
651 669 741 730 quem
755 651 791 711 ad
808 651 932 712 modum
948 667 1005 711 nos
1020 651 1163 712 adversus
1178 652 1280 713 homi·

204 755 258 798 nes
274 754 420 816 geramus,
436 735 564 798 efficitur
577 744 612 796 ut
632 744 663 795 et
676 735 759 806 illud,
789 735 871 815 quod
892 737 928 796 ad
951 754 1073 797 omnem
1087 735 1280 799 honestatem
1298 751 1315 798 5

204 822 344 901 pertinet,
371 822 513 883 decorum
530 838 620 900 quam
635 821 693 882 late
708 823 811 882 fusum
834 821 874 882 sit
890 829 1030 900 appareat
1056 828 1086 882 et
1101 820 1168 892 hoe,
1198 823 1281 900 quod

203 915 354 986 spectatur
368 907 400 967 in
412 924 474 967 uno
491 902 638 986 [quoque]
652 923 761 984 genere
778 906 904 968 virtutis.
934 907 973 966 Ut
988 905 1070 966 enim
1085 905 1280 984 pulchritudo

203 992 336 1070 corporis
352 1000 419 1070 apta
436 991 653 1069 compositione
669 989 874 1052 membrorum
890 999 991 1054 movet
1006 991 1108 1052 oculos
1124 999 1155 1052 et
1176 993 1280 1054 delec-

202 1085 245 1137 tat
257 1077 315 1138 hue
329 1077 404 1155 ipso,
432 1077 512 1156 quod
539 1076 619 1136 inter
640 1094 673 1136 se
700 1093 806 1137 omnes
827 1084 1012 1154 partescum
1029 1076 1161 1154 quodam
1177 1077 1280 1156 lepore

203 1162 406 1231 consentiunt,
423 1161 466 1221 sio
477 1162 535 1221 hoc
550 1161 790 1240 decorum,quod
807 1162 905 1223 elucet
920 1162 953 1222 in
968 1161 1037 1232 rita,
1053 1162 1154 1222 moret
1169 1163 1281 1241 adpro·
1300 1178 1330 1226 ιο

201 1246 353 1308 bationem
366 1265 480 1317 eorum,
496 1245 675 1324 quibuscum
682 1246 800 1316 vivitur,
817 1247 922 1307 ordine
939 1257 969 1307 et
984 1247 1156 1307 constantia
1171 1255 1202 1307 et
1212 1265 1280 1308 mo-

150 1339 182 1389 99
203 1332 357 1393 deratione
373 1331 521 1392 dictorum
538 1329 674 1390 omnium
690 1339 780 1410 atque
795 1331 951 1393 laetorum.
968 1330 1145 1391 Adhibenda
1161 1339 1209 1392 est
1223 1333 1281 1411 igi-

203 1425 254 1478 tur
269 1416 413 1494 quaedam
428 1415 594 1475 reverentia
610 1416 752 1476 adversus
763 1416 902 1477 homines
918 1423 949 1477 et
964 1415 1070 1495 optimi
1085 1415 1235 1495 cuiusque
1250 1425 1280 1477 et

203 1501 397 1580 reliquorum.
420 1499 494 1560 Nam
507 1500 674 1578 neglegere,
691 1501 761 1580 quid
777 1501 813 1562 de
830 1520 862 1562 se
873 1501 1000 1580 quisque
1015 1500 1135 1573 sentiat,
1151 1520 1217 1562 non
1229 1521 1281 1562 so-

203 1587 264 1646 lum
279 1585 445 1663 arrogantis
461 1592 516 1657 est,
533 1585 585 1646 sed
602 1585 691 1646 etiam
708 1587 835 1647 omnino
852 1586 998 1647 dissoluti.
1014 1585 1067 1647 Est
1083 1595 1182 1647 autem
1199 1588 1280 1666 quod
1301 1603 1329 1652 15

204 1671 321 1731 differat
335 1671 367 1730 in
382 1669 539 1730 hominum
552 1671 667 1732 ratione
677 1671 811 1733 habenda
827 1671 907 1733 inter
928 1671 1074 1732 iustitiam
1088 1679 1118 1732 et
1130 1689 1280 1733 verecun-

204 1755 294 1817 diam.
310 1755 443 1817 Iustitiae
453 1764 553 1834 partes
564 1764 705 1818 suntnon
720 1757 831 1817 violare
845 1756 994 1829 homines,
1008 1757 1206 1818 verecundiae
1215 1775 1279 1818 non

204 1841 372 1902 offendere:
389 1840 421 1901 in
438 1859 497 1920 quo
513 1842 711 1902 manumetis
726 1841 904 1921 perspicitur
917 1841 1025 1902 decori.
1049 1841 1103 1902 llis
1118 1842 1212 1920 igitur
1227 1862 1279 1903 ex-

203 1926 310 2005 positis
325 1927 410 2008 quale
426 1927 465 1987 sit
479 1925 519 1998 id,
540 1926 620 2004 quod
636 1926 743 1988 decere
758 1927 894 1999 dicimus,
910 1926 1092 1988 intellectum
1105 1935 1192 2006 puto.

132 2014 182 2066 100
289 2011 427 2072 Officium
443 2019 555 2080 autem,
579 2012 659 2090 quod
686 2011 721 2072 ah
746 2030 781 2073 eo
797 2011 924 2082 ducitur,
947 2011 1023 2072 hane
1039 2011 1172 2091 primum
1190 2011 1282 2074 habet
1299 2030 1329 2079 20

201 2202 352 2265 allgemeine
364 2201 415 2250 und
427 2199 551 2266 specielle
562 2197 711 2250 Geziemen-
765 2203 804 2252 als
818 2203 858 2252 bei
877 2203 979 2267 spitern
999 2199 1222 2267 Schriltstelleru3
1248 2207 1280 2255 ad

201 2271 233 2320 de
245 2267 350 2332 folgert,
368 2269 448 2318 noben
467 2267 591 2318 einander
603 2284 635 2317 zu
648 2269 711 2336 stel-
764 2269 823 2320 lam.
836 2269 873 2320 Xl
887 2273 918 2322 11
931 2274 956 2319 et
968 2269 1043 2320 biduo
1054 2270 1281 2337 udAllohrogo'due

199 2339 251 2402 len,
262 2337 391 2388 noehmals
400 2352 448 2386 von
463 2337 519 2387 dein
533 2336 652 2387 dacorum
664 2338 711 2386 der
764 2343 791 2388 et
813 2341 894 2388 totius
919 2336 1014 2389 doum
1043 2338 1141 2404 legans
1163 2345 1278 2406 eoepeoto.

200 2407 305 2457 Dichter
334 2405 443 2471 sprieht,
474 2407 601 2471 (quocirca
623 2409 711 2469 poetae
764 2407 817 2469 vgl.
831 2406 891 2456 llor.
916 2405 969 2456 Sat.
991 2405 1042 2469 lo,
1058 2408 1106 2458 110
1118 2410 1279 2459 commodius

200 2542 292 2606 sehalt,
314 2558 359 2593 aus
385 2545 432 2593 der
444 2543 489 2593 das
501 2541 654 2606 allgemeinc
666 2541 710 2609 de-
799 2545 887 2609 optimi
898 2545 994 2608 emersu.
1005 2543 1063 2592 hier
1074 2542 1145 2594 nieht
1154 2544 1232 2610 wie§
1244 2546 1277 2596 85

200 2627 286 2662 cortem
300 2608 374 2674 folgt,
387 2611 532 2674 angegeben
546 2612 596 2660 hat.
764 2611 796 2659 im
808 2611 961 2675 politisehen
975 2611 1060 2660 Sinne.

234 2680 258 2728 2.
289 2680 431 2728 coustantio
472 2679 509 2728 ist
536 2677 614 2727 theils
643 2679 710 2728 Cha·
800 2680 838 2730 14.
857 2678 918 2743 quid
928 2678 959 2729 de
975 2694 1003 2728 se
1019 2679 1282 2744 quisquerselstnul

201 2745 709 2811 rakterfestigkeit,einTheildermogni-
763 2746 808 2796 das
821 2745 1279 2812 ansarrogunthhernnlzunehmen-

200 2814 260 2864 ludo
284 2817 375 2876 animi,
400 2813 479 2864 thcils
503 2812 639 2863 llarmonie
657 2814 708 2863 und
764 2816 795 2864 de
807 2813 914 2876 thject
925 2831 958 2864 zu
971 2815 1100 2873 heziehen,
1119 2817 1180 2865 ‘von
1192 2817 1277 2866 einem

200 2881 709 2946 ConsequenzdesBetragens,einTheil
762 2881 859 2933 selbst'.
885 2884 915 2932 de
931 2884 973 2933 dn.
992 2882 1012 2933 ll
1031 2883 1072 2946 24,
1091 2882 1227 2934 'lSomare
1237 2889 1279 2935 est

201 2949 247 3000 der
260 2945 436 3016 σωφροσύνη.
762 2950 821 3001 velle
850 2951 923 3000 tonis
950 2951 1064 3017 aliquem
1088 2951 1170 3017 effici
1200 2967 1277 3017 wem

234 3018 258 3068 6.
270 3019 369 3084 susum
380 3016 610 3082 etc=latepateaa
765 3021 898 3080 mammis,
915 3019 1148 3069 euhmeiadseeoe
1168 3020 1281 3071 maior!

235 3087 258 3136 l.
277 3088 304 3135 io
316 3101 365 3135 uno
378 3101 480 3150 qoorpue.
498 3085 535 3136 Du
548 3085 593 3136 der
605 3084 710 3136 Zusam-
764 3085 894 3138 mundet.

199 3155 322 3217 meuhang
338 3154 451 3205 deutlich
466 3154 546 3218 zeigt,
564 3155 623 3204 dues
641 3154 711 3204 nicht
798 3155 839 3204 20.
855 3157 985 3221 pmmumr
999 3156 1055 3205 dem
1073 3155 1220 3220 entsprieht
1232 3154 1280 3206 eod

195 3223 256 3286 jede
269 3222 387 3272 einzelne
398 3222 447 3272 Art
466 3222 512 3272 der
524 3221 637 3285 Tugend‚
650 3237 710 3272 son·
763 3237 891 3274 macoma
908 3225 946 3273 oe's
963 3223 1061 3289 decori,
1080 3224 1133 3287 vgl.
1150 3221 1168 3287 ξ
1185 3225 1228 3274 44.
1243 3251 1278 3260 —

200 3292 261 3340 dern
280 3290 322 3341 die
339 3291 485 3354 hesoudere,
504 3289 589 3351 vierte
606 3290 710 3353 Tngend
763 3291 811 3341 Die
833 3291 951 3358 doppelte
964 3291 1063 3355 Putem,
1089 3291 1130 3342 die
1151 3307 1197 3341 aus
1219 3291 1276 3341 dem

199 3359 314 3421 gemeint
327 3358 371 3422 iet,
389 3359 424 3410 ist
440 3374 537 3424 quoqne
556 3359 708 3422 unmdglioh,
764 3358 882 3409 decorum
895 3359 1117 3423 ehgeleitetwird,
1130 3359 1278 3425 antepricht

200 3428 245 3478 das
257 3427 416 3478 vonlemand
428 3424 710 3490 hinzngesrigtseheint,
764 3427 811 3478 der
822 3429 848 3477 in
865 3426 882 3492 ξ
897 3429 930 3478 96
945 3427 1089 3492 gegebenen
1108 3427 1277 3490 Eintheilnng

199 3495 246 3545 dor
257 3495 351 3560 singol.
369 3499 457 3562 partes
471 3496 530 3544 hoo.
548 3494 565 3558 ξ
582 3495 614 3544 96
628 3491 710 3544 lulseh
764 3511 814 3545 von
827 3496 1001 3560 allgemeinem
1011 3497 1060 3546 und
1073 3496 1221 3561 speciellent
1233 3495 1277 3547 de-

199 3563 331 3613 verstuud.
764 3577 860 3614 oerum·
880 3564 935 3615 Vcn
959 3565 1006 3615 der
1027 3571 1114 3615 ersten
1137 3563 1189 3615 Art
1210 3565 1277 3614 wid

235 3630 274 3681 13.
304 3633 447 3680 revereretur
465 3628 711 3680 adoarmshome'nee
764 3631 836 3681 nieht
858 3633 951 3682 weiter
970 3633 1140 3697 gasprochen‚
1162 3633 1195 3682 d'u
1219 3631 1278 3684 hier

198 3701 222 3747 et
245 3699 342 3764 optimi.
366 3697 418 3746 Der
435 3695 558 3749 Weehsel
581 3695 709 3747 :wischeu
763 3699 894 3749 dieeelben
929 3699 1053 3751 Pfliehten
1087 3715 1134 3750 zur
1163 3699 1277 3765 Spu-eche

199 3764 427 3832 priipositioneller
450 3765 617 3826 Verbindnng
657 3765 709 3814 und
764 3765 1002 3830 hommenwdrden,
1016 3769 1059 3820 die
1072 3783 1118 3819 aus
1134 3768 1183 3818 den
1198 3768 1214 3818 3
1231 3785 1278 3820 nn·

200 3837 254 3884 dem
269 3830 330 3883 Gen.
344 3831 488 3883 obieetivu·
505 3831 546 3883 bei
564 3831 709 3884 demselhou
764 3835 827 3884 doru
844 3835 981 3898 'lugendos
999 3835 1092 3899 lolgen.
1114 3835 1161 3886 llie
1178 3838 1277 3890 andere

199 3901 393 3953 Substantivnm
409 3902 446 3951 ist
464 3899 505 3950 hei
523 3900 576 3951 Cic.
595 3900 708 3951 seltener
764 3901 814 3953 hrt
829 3903 873 3953 des
890 3901 943 3954 dee.
961 3906 1046 3956 nocht
1062 3919 1109 3954 zur
1127 3904 1236 3957 Phieht:
1252 3907 1276 3971 l)

200 2478 268 2537 eet),
283 2474 402 2525 nnchdern
420 2489 449 2524 er
466 2474 544 2524 sehon
561 2473 603 2524 die
616 2473 710 2538 lligen-
764 2488 843 2541 qoam
854 2479 883 2524 tu
895 2475 985 2524 mame
996 2478 1073 2539 atque
1084 2474 1144 2524 aliis
1152 2479 1216 2526 vieo.
