2800 4506
434 223 478 276 uu
492 221 628 276 ourruns
640 223 699 277 um.
711 225 751 278 m.
776 225 848 277 cnr.
861 227 885 276 o.
1131 225 1187 289 191

122 375 202 454 Ergo
217 396 313 438 unum
330 379 418 440 dehet
434 397 496 438 esse
507 377 646 438 omnihus
658 379 859 458 propositum3
875 388 909 440 ut
920 381 1023 441 eadem
1034 379 1072 440 sit
1083 381 1192 442 utilitas
1207 382 1228 436 6

122 462 214 522 unius
234 462 378 542 cuiusque
400 473 430 524 et
452 463 670 534 universorum,
697 465 826 543 quamsi
848 465 882 526 ad
899 483 930 526 se
947 466 1071 544 quisque
1087 466 1190 545 rapiet,

124 547 304 610 dissolvetur
320 549 417 610 omnis
432 550 562 609 humano
579 549 741 610 consortio.

209 633 306 711 Atque
328 635 429 704 etium,
450 633 475 694 si
495 634 551 693 hoo
574 642 680 694 nutura
698 633 881 712 praescrihit,
902 641 937 695 ut
955 635 1046 695 homo
1067 634 1190 707 homini,
1210 639 1243 687 27

85 727 100 772 5
121 718 305 797 quicumque
320 719 366 784 sit,
384 718 422 779 oh
439 737 504 777 eam
521 718 615 796 ipsam
631 737 760 789 causam,
772 719 851 797 quod
868 719 892 778 is
908 720 998 780 homo
1013 720 1060 792 sit,
1072 721 1192 781 oonsul-

118 810 188 868 tum
203 803 281 876 velit,
296 822 418 866 necesse
434 812 480 864 est
494 803 659 863 secundum
675 804 798 865 eundem
815 813 951 864 naturam
964 805 1098 865 omnium
1110 805 1192 866 utili-

120 896 216 948 tatem
232 907 298 950 esse
314 897 514 950 communem.
542 887 628 960 Quod
644 889 669 948 si
683 889 724 970 iia
739 897 792 960 est,
809 906 868 950 nne
883 889 1071 950 continemur
1084 909 1189 951 omnes

122 979 153 1032 et
168 973 269 1032 eadem
286 973 349 1051 lege
365 981 499 1043 naturae,
514 972 603 1051 idque
618 973 717 1051 ipsum
734 972 760 1034 si
775 974 814 1034 ita
829 982 884 1044 est,
901 982 980 1034 uerte
993 973 1102 1034 violare
1115 975 1190 1035 alte-

120 1075 190 1118 rum
207 1066 331 1119 naturae
346 1059 409 1137 lege
429 1057 633 1138 prohibemur.
664 1060 773 1148 lerum
796 1067 896 1119 autem
916 1059 1063 1138 primum,
1085 1076 1188 1119 rerum

67 1161 98 1209 10
117 1142 211 1220 igitur
221 1152 399 1204 extremum.
423 1143 498 1204 Num
512 1142 582 1204 illud
596 1145 716 1222 quidem
729 1144 892 1205 absurdum
906 1150 960 1213 est,
976 1143 1189 1224 quodquidam
1211 1150 1243 1200 28

121 1227 236 1300 dicunt,
251 1229 365 1308 peremi
378 1247 410 1289 se
421 1236 473 1289 out
489 1227 573 1289 fratri
589 1229 663 1291 nihil
675 1229 861 1290 detramuros
873 1229 919 1289 sui
930 1229 1079 1290 commodi
1091 1247 1189 1300 eausa,

121 1313 208 1374 alium
225 1314 373 1374 rationem
390 1333 455 1374 esse
471 1313 580 1374 uirium
596 1315 787 1394 reliquorum.
818 1315 856 1374 lli
866 1313 923 1375 sihi
934 1313 1008 1374 nihil
1020 1314 1103 1385 iunio,
1121 1315 1189 1374 nul-

119 1400 180 1458 lam
198 1399 370 1461 societatem
387 1398 557 1459 eommunis
572 1399 707 1460 utilitatis
722 1419 810 1460 eausa
828 1407 964 1461 statuunt
978 1418 1045 1461 esse
1065 1417 1133 1461 oum
1148 1399 1190 1460 ci-

119 1484 219 1556 vibus,
234 1502 311 1562 quae
323 1483 472 1544 sententia
488 1502 611 1544 omnem
626 1485 796 1546 societatem
813 1485 951 1546 distrahit
965 1485 1102 1546 civitatis.
1131 1483 1190 1557 Qui

67 1581 98 1629 15
119 1577 222 1629 autem
240 1569 347 1630 civium
363 1569 509 1630 rationem
522 1569 811 1642 dieunthahondam
829 1580 1020 1631 externorum
1032 1577 1153 1649 negant,
1170 1569 1189 1629 ii

120 1653 267 1715 dirimunt
280 1673 470 1716 communem
484 1654 607 1714 humani
617 1655 735 1732 generis
746 1655 930 1726 societatem,
943 1675 1000 1734 qua
1013 1655 1128 1717 sublate
1137 1654 1190 1714 he-

119 1739 277 1800 nelicentia
294 1739 468 1811 liberalitas,
488 1738 607 1800 bonitas
622 1739 734 1801 iustitia
744 1741 880 1800 funditus
896 1741 1019 1802 tollitur.
1042 1741 1125 1813 Quae
1138 1739 1190 1818 qui

119 1825 230 1886 tollunt
241 1824 329 1886 etiam
342 1825 482 1886 adversus
495 1823 567 1886 deos
581 1825 766 1886 immortales
774 1825 859 1904 impii
873 1825 1025 1886 iudicandi
1040 1833 1120 1885 sunt.
1144 1822 1188 1884 nh

157 2001 180 2049 1.
205 2013 286 2048 unum
309 1998 390 2048 dehet:
407 1994 471 2048 ‘dios
490 2015 539 2048 vor
550 1998 628 2049 ullum

118 2060 207 2116 muss’.
226 2065 554 2116 unushnthierdouselheu
565 2067 627 2116 Siun

118 2134 379 2198 derHervorhehung,
393 2136 440 2185 deu
454 2150 481 2185 es
495 2152 523 2185 so
536 2133 574 2186 oft
585 2135 627 2184 boi

119 2205 176 2253 dom
186 2203 333 2268 superlativ
345 2204 398 2267 hut,
410 2203 461 2254 wie
473 2219 542 2253 unur
551 2217 628 2270 pruo-

117 2273 304 2334 rtantirsimus,
313 2287 381 2321 unus
390 2274 531 2322 munimur.
545 2271 629 2321 Eheu·

118 2357 148 2392 so
160 2339 177 2404 ξ
190 2339 223 2389 28
244 2341 305 2389 hueo
326 2342 396 2389 enim
413 2356 464 2390 urta
481 2343 562 2390 uirtus
574 2355 628 2389 om-

117 2410 193 2458 nium
203 2411 244 2457 ert
251 2406 362 2457 domina.
375 2408 450 2458 Tusu.
461 2407 519 2470 112,
530 2408 561 2456 21
575 2410 627 2458 iia-

117 2493 166 2542 quo
177 2491 259 2526 uuum
269 2475 336 2526 illud
346 2479 403 2526 erat
414 2479 524 2527 insitum
533 2477 628 2542 prisois

116 2545 180 2596 iliis.
206 2545 236 2593 de
250 2551 300 2594 nut.
314 2545 337 2593 rl.
350 2543 371 2594 ll
384 2545 425 2606 29,
440 2546 472 2594 74
489 2546 516 2594 iu
534 2549 557 2593 te
568 2560 628 2594 uon·

117 2615 194 2675 venet,
216 2627 297 2662 unum
308 2615 421 2663 moribus
437 2613 580 2664 domesticis
598 2627 629 2662 ao

116 2685 270 2732 nostrorum
280 2681 413 2732 hominum
428 2683 576 2731 urbanitate
591 2682 628 2731 li-

116 2753 228 2800 nutum.

154 2887 177 2934 'l.
206 2883 370 2946 Quadriito
381 2884 627 2947 est-,naruraete-

113 2954 337 3020 geprohibemur.
364 2954 487 3004 Weshulh
506 2955 559 3005 Ciu.
579 2954 626 3003 den

116 3022 224 3072 Suhluss
242 3022 286 3071 dos
299 3023 470 3088 syllogismus
491 3028 557 3072 corto
577 3025 627 3072 oio-

117 3091 175 3140 luru
192 3087 301 3139 aunum
325 3098 373 3140 oet.
392 3092 462 3140 nicht
480 3090 565 3154 gleieh
581 3105 627 3140 uus

116 3160 174 3208 dem
186 3164 274 3207 ersten
284 3159 360 3209 Sutze
372 3163 468 3209 natura
478 3159 629 3224 praeseribit

116 3231 146 3276 ut
157 3227 233 3276 horno
241 3227 266 3275 Ιι.
281 3253 294 3258 -
302 3228 444 3278 contuitum
456 3227 514 3276 uelit
525 3225 628 3290 folgert‚

117 3295 231 3344 sunderu
243 3301 297 3344 urst
312 3295 384 3357 Quod
394 3298 418 3345 ri
427 3297 464 3344 itu
476 3325 498 3332 -
509 3294 564 3360 lege
581 3310 628 3344 nu-

117 3367 194 3414 turue
206 3362 358 3425 eiusohieht,
380 3364 447 3414 sieht
463 3379 520 3412 rnuu
539 3378 580 3411 nm
599 3377 628 3411 so

118 3431 236 3494 weniger
249 3431 297 3492 ein,
311 3432 350 3481 uls
362 3447 391 3481 er
404 3433 480 3481 sehon
495 3431 528 3480 im
541 3439 627 3481 ersten

116 3499 234 3548 Beweiso
263 3514 313 3548 von
342 3500 388 3550 der
412 3499 628 3550 Gemeinsnmhoit

116 3569 163 3616 der
186 3567 374 3618 mensohliuhen
387 3568 554 3630 Verhiuduug
569 3582 628 3616 uus-

116 3650 248 3698 gegnugon
271 3635 306 3685 ist
327 3636 378 3685 und
395 3637 459 3685 euch
475 3637 522 3686 dor
534 3635 627 3686 zweite

117 3706 218 3754 Bewoio
230 3701 286 3768 §23
298 3703 344 3753 auf
354 3704 473 3754 domAlle
487 3702 628 3753 umlnssen-

116 3774 164 3823 den
180 3770 292 3822 Gesetze
310 3772 402 3822 hasirt.
427 3773 463 3821 Er
476 3773 546 3822 hiitte
560 3771 627 3821 viel-

115 3842 189 3892 mohr
199 3856 248 3889 von
260 3841 315 3890 dem
326 3841 455 3890 stoisohon
467 3837 627 3890 Grundsutzo

115 3909 245 3972 uusgeheu
259 3909 352 3973 tollen,
364 3910 423 3959 dues
436 3907 627 3958 ulleMensoheu

682 2013 713 2048 un
724 1998 769 2048 der
778 1998 918 2063 glittliuhon
925 1995 1053 2049 Voruunlt
1061 1996 1136 2047 Thoil
1144 1997 1190 2047 hu·

682 2068 738 2130 heu,
751 2065 858 2129 folglioh
870 2067 934 2116 auch
950 2063 993 2114 liir
1007 2066 1059 2114 alle
1072 2065 1189 2115 dusselhe

683 2133 899 2199 Veruunltgosotz
911 2133 961 2197 gilt
970 2133 1021 2182 uurl
1034 2133 1073 2183 sie
1085 2133 1190 2184 deshulh

683 2201 790 2254 Gliorlor
814 2205 887 2254 einer
911 2201 1101 2252 Gemoinsohult
1125 2201 1189 2252 sind.

683 2271 761 2322 Maro.
775 2272 838 2321 Aur.
852 2271 885 2322 lV
898 2272 914 2320 4
932 2273 956 2321 εἰ
971 2268 1001 2320 τὸ
1013 2266 1111 2339 νοερὸν
1123 2265 1189 2337 ἡμῖν

681 2336 785 2403 κοινόν,
797 2341 844 2390 καὶ
856 2335 871 2389 ὁ
883 2334 963 2420 λόγος
979 2333 1047 2390 καθ’
1068 2333 1101 2388 ὃν
1118 2339 1190 2405 λογι-

682 2410 729 2457 κοί
741 2409 824 2476 ἐσμεν
841 2421 947 2462 κοινος·
967 2408 991 2458 εἰ
1011 2405 1090 2456 τοῦτο
1111 2409 1157 2456 καὶ
1175 2401 1190 2454 ὁ

682 2471 876 2540 προςιακτικὸς
889 2475 943 2524 τῶν
960 2476 1097 2538 ποιητέων
1117 2468 1134 2535 ἢ
1151 2468 1191 2541 μὴ

682 2543 761 2612 λόγος
781 2533 883 2599 κοινός·
908 2543 932 2592 εἰ
949 2541 1030 2592 τοῦτο
1047 2545 1093 2592 καὶ
1110 2536 1124 2591 ὁ
1144 2533 1191 2591 νό-

681 2631 735 2684 μος
758 2608 863 2668 κοινός·
890 2612 915 2661 εἰ
935 2612 1015 2661 τοῦτο
1038 2610 1150 2660 πολῖταί
1166 2607 1191 2660 ἔ-

682 2697 758 2752 σμεν.
772 2682 829 2744 Vgl.
843 2681 874 2731 de
884 2681 925 2730 nn.
933 2678 1013 2742 11119,
1023 2679 1056 2728 64
1065 2676 1188 2728 mumdum

681 2757 769 2802 autom
781 2753 882 2801 censent
898 2750 957 2814 regi
967 2750 1072 2798 nonum
1082 2747 1191 2797 deorum

681 2835 787 2884 eumque
803 2835 857 2868 esse
875 2821 951 2883 quasi
969 2831 1128 2867 communem
1146 2827 1191 2864 ur-

682 2890 737 2938 bem
754 2893 779 2938 et
798 2890 923 2937 oioitrztem
940 2887 1074 2935 horminum
1091 2888 1115 2933 et
1133 2882 1190 2938 deo7

681 2973 756 3020 rum,
784 2960 808 3005 et
834 2971 916 3005 unum
934 2969 1056 3018 quemquo
1071 2955 1191 3002 nostrum

682 3027 737 3074 elur
747 3023 840 3074 mnudi
854 3039 908 3072 etro
916 3027 1026 3088 partem,
1046 3037 1081 3070 ere
1096 3035 1144 3085 quo
1160 3017 1191 3066 il-

682 3091 833 3142 tornatura
846 3091 971 3152 consequi,
988 3093 1016 3138 ut
1029 3101 1188 3139 oornmunonr

683 3159 823 3210 utilitatem
835 3163 939 3207 nostrae
950 3161 1144 3222 aretoponamur.

721 3264 758 3312 lll.
780 3260 860 3312 Num:
876 3276 897 3310 z.
909 3259 930 3310 ll
944 3259 960 3324 ξ
974 3259 1013 3308 41.

719 3362 757 3414 ll.
778 3361 848 3424 Quae
858 3364 902 3425 qui
913 3358 1003 3410 tollunt
1014 3358 1092 3405 etiam
1100 3352 1191 3403 aduor-

683 3448 728 3482 suo
741 3436 802 3480 oet:
815 3445 878 3493 quoe
891 3428 992 3478 hezieht
1001 3423 1056 3474 sioh
1069 3420 1114 3471 auf
1123 3420 1189 3471 ullus

681 3498 903 3560 Vorhergeheude‚
914 3507 1076 3544 communem
1087 3491 1191 3540 societa-

682 3572 730 3617 lem.
740 3567 785 3614 mit
791 3565 1005 3628 eingesehlosson.
1019 3561 1104 3625 impii,
1114 3558 1190 3607 rueh-

682 3637 728 3699 los,
741 3629 866 3696 ἄσιβεῐς..
892 3632 961 3682 Stoh.
976 3629 1024 3680 eol.
1037 3629 1088 3676 eth.
1102 3643 1124 3692 p.
1139 3626 1189 3676 216

681 3705 741 3754 πᾶν
753 3693 904 3767 ἁμάρτημα
916 3695 1046 3764 α’σέβημα
1065 3693 1143 3758 εἶναι,
1154 3689 1186 3774 ’τὸ

681 3768 737 3838 γὰρ
757 3766 834 3834 παρὰ
856 3767 905 3834 τὴν
920 3761 1050 3831 βούλησίν
1065 3781 1091 3814 τι
1102 3779 1191 3830 πρατ-

681 3843 778 3891 reatui
806 3838 853 3886 τοῦ
877 3837 943 3889 θεοῦ
967 3831 1091 3899 ἀσεβείας
1119 3831 1190 3884 εἶναι

683 3896 834 3975 τεκμήριον.
856 3905 881 3958 S.
894 3905 962 3956 Einl.
975 3904 991 3969 ξ
1004 3905 1045 3955 25:
