2800 4506
393 261 436 312 DE
449 260 586 314 orrlcns
599 261 659 313 tiu.
674 261 712 314 lll.
737 261 809 314 CAP.
824 263 848 314 3.
860 266 886 314 4.
1129 265 1190 327 185

119 416 265 477 discendi.
309 416 385 476 lllud
402 424 502 477 autem
518 415 663 487 officium,
691 418 770 496 quod
798 426 912 478 rectum
937 418 1016 480 idem
1033 419 1189 498 appellant,

118 502 287 581 perlectum
303 511 392 580 atque
408 502 575 562 absolutum
589 511 633 562 est
645 510 685 573 et,
702 509 735 562 ut
747 503 826 563 idem
839 503 950 575 dicunt,
967 522 1070 564 omnes
1084 522 1190 564 nume·
1248 498 1262 508 “

117 605 171 646 ros
184 586 276 647 habet
291 603 348 648 nec
363 595 481 666 praeter
495 587 661 665 sapientem
688 588 794 648 cadere
820 588 851 648 in
878 606 1057 668 quemquam
1081 597 1189 668 potest.

118 671 195 732 Cum
211 678 308 732 autem
326 671 434 750 aliquid
452 679 616 744 actumest
643 672 675 731 in
691 691 751 750 quo
767 673 864 733 media
880 673 975 734 officia
989 682 1189 753 compareant.
1210 683 1241 736 15

79 765 96 814 5
115 756 146 816 id
163 756 314 816 cumulate
328 756 446 817 videtur
461 775 526 817 esse
541 756 706 835 perlectum
722 765 890 836 propterea,
908 759 986 837 quod
999 759 1101 837 volgus
1118 759 1189 838 quid

117 841 196 902 absit
210 859 226 901 a
242 841 375 920 perlecto
390 857 452 901 non
467 845 530 903 tere
553 841 709 919 intellegit:
738 851 886 922 qnatenus
910 851 1010 904 autem
1037 844 1190 922 intellegit,

117 926 195 986 nihil
210 934 296 1004 putat
311 927 570 1006 praetermissum:
598 928 677 1006 (quod
693 926 772 988 idem
789 927 820 986 in
836 928 996 1006 poematis,
1020 930 1051 988 in
1066 930 1190 1008 picturis

117 1029 176 1072 usu
192 1011 320 1072 venitin
337 1012 460 1092 aliisque
476 1011 694 1090 compluribus,
721 1019 755 1072 ut
770 1013 955 1074 delectentur
975 1013 1105 1092 imperiti
1125 1015 1189 1074 lau-

117 1097 250 1176 dentque
272 1116 315 1166 ea,
338 1115 413 1176 quae
428 1097 574 1158 laudanda
590 1115 653 1158 non
668 1096 742 1173 sint,
774 1098 908 1167 obeam,
939 1097 1042 1171 credo,
1070 1117 1191 1160 causam

66 1193 100 1242 10
120 1182 200 1260 quod
217 1181 291 1242 insit
304 1183 336 1242 in
352 1181 398 1242 his
414 1181 525 1260 aliquid
539 1179 645 1260 probi,
666 1182 745 1260 quod
763 1182 857 1260 capiat
872 1182 1000 1261 ignaros,
1023 1184 1073 1262 qui
1089 1184 1188 1260 [idem]

118 1267 193 1346 quid
207 1265 239 1326 in
255 1283 315 1326 una
339 1285 457 1345 quaque
479 1285 511 1327 re
533 1267 596 1327 vitii
611 1266 650 1327 sit
662 1277 813 1346 nequeant
827 1267 965 1328 iudicare.
1003 1269 1104 1348 ltaque
1120 1285 1188 1329 cnm

118 1359 191 1412 sunt
207 1351 285 1411 docti
301 1370 316 1410 a
332 1353 444 1430 peritis,
461 1352 610 1412 desistunt
620 1353 704 1413 laoile
715 1353 872 1414 sententia.
896 1353 1073 1431 Haecigitur
1084 1353 1190 1424 cilicia,
1206 1359 1225 1413 4

119 1437 156 1497 de
172 1436 280 1516 quibus
296 1436 342 1496 his
358 1436 440 1498 libris
457 1436 639 1507 disserimus,
661 1437 747 1517 qnasi
761 1438 891 1499 secunda
907 1439 1050 1516 quaedam
1067 1439 1195 1499 honesta

120 1539 186 1582 esse
203 1521 316 1591 dicunt,
333 1539 394 1581 non
409 1522 590 1601 sapientium
607 1524 695 1582 modo
711 1523 840 1602 propria,
858 1523 908 1583 sed
922 1542 988 1584 oum
1005 1524 1192 1586 omnihomi-

60 1615 95 1666 15
115 1625 190 1667 num
205 1623 314 1684 genere
330 1607 509 1668 communia.
553 1607 657 1687 ltaque
672 1607 707 1667 iis
724 1625 840 1680 omnes,
863 1610 895 1668 in
911 1609 1019 1687 quibus
1035 1617 1080 1670 est
1094 1609 1190 1669 virtu-
1211 1616 1241 1668 16

116 1694 156 1752 tis
172 1692 294 1762 indoles,
311 1695 548 1753 commorentur.
565 1693 627 1754 Nec
640 1709 710 1753 vero
727 1711 795 1752 cum
812 1693 872 1753 duo
888 1693 968 1754 Decii
983 1702 1034 1754 aut
1049 1695 1108 1754 dno
1126 1695 1190 1754 Sci·

117 1777 224 1856 piones
239 1777 332 1837 fortes
347 1777 402 1837 viri
417 1786 692 1838 commemorantur
707 1786 757 1838 aut
773 1795 840 1838 oum
854 1777 1189 1856 Fabriciuslantrlristi-

117 1862 179 1938 des]
196 1861 291 1922 iustus
307 1862 489 1932 nominatur,
516 1872 568 1923 aut
582 1864 618 1923 ab
633 1862 692 1923 illis
707 1861 890 1923 fortitudinis
911 1870 962 1923 ant
977 1864 1014 1922 ah
1029 1864 1086 1924 hoo
1101 1863 1190 1924 iusti-

116 1947 177 2008 tiae
192 1954 343 2026 tamquam
360 1967 376 2009 a
394 1948 525 2027 sapiente
539 1950 650 2027 petitur
666 1948 845 2026 exemplum.
867 1944 968 2008 ¹Nemo
984 1948 1063 2009 enim
1081 1949 1189 2009 horum

115 2217 207 2284 ψυχῆς
218 2217 267 2266 und
280 2207 409 2285 προκοπή
422 2215 558 2267 kannmen
571 2217 627 2267 dom
681 2217 767 2281 geiiht,
780 2233 828 2270 von
841 2219 1005 2269 demandern
1023 2220 1102 2271 nicht.
1128 2219 1189 2270 Dies

115 2283 184 2336 ldesl
210 2286 255 2336 des
275 2285 383 2336 Weison
407 2285 542 2348 mdglichst
563 2285 626 2336 nahe
680 2287 725 2336 het
738 2285 791 2337 Cic.
811 2287 893 2338 selhst
909 2285 1070 2348 gefdhltuud
1083 2288 1189 2338 deshalh

115 2353 242 2403 konnen.
261 2353 286 2403 S.
296 2352 363 2402 lliul.
376 2369 400 2419 p.
413 2353 453 2402 19.
471 2353 626 2404 Beidewer-
681 2355 756 2418 quusi
774 2353 947 2417 hinzngeldgt.
976 2356 1048 2405 Auch
1065 2357 1106 2406 die
1119 2356 1189 2407 Stoi-

116 2420 626 2472 dendarumeuehunterdieschiitzens-
680 2422 726 2470 ker
756 2435 834 2485 sagon
856 2439 904 2472 nur
925 2423 999 2488 μέσα
1022 2417 1187 2488 καθήκοντα,

115 2491 235 2540 nerthen
245 2489 326 2552 Dioge
338 2490 507 2560 προηγμένα,
519 2491 626 2552 gereoh-
680 2490 752 2540 nicht
765 2487 878 2558 δεύτερα
890 2480 969 2541 καλά.

116 2564 169 2610 net.
181 2549 313 2628 προκοπή
326 2557 517 2608 iihersetatCic.
528 2557 626 2620 richtig
716 2559 754 2608 15.
773 2561 878 2608 virleetis
887 2557 993 2622 inuans,
1005 2557 1124 2610 desselhe
1137 2559 1187 2609 wia

116 2627 197 2676 durch
207 2627 357 2692 progressio
368 2625 438 2690 disc,
451 2625 510 2676 weil
522 2625 564 2676 die
574 2623 626 2676 Tu·
679 2623 822 2676 similitudo
838 2627 942 2689 hermeti,
962 2627 1082 2676 iaschoata
1096 2629 1189 2691 uirtus,

116 2695 182 2759 gend
195 2694 300 2744 lehrhar
312 2694 347 2744 ist
366 2695 415 2744 und
428 2693 474 2744 aui
483 2694 539 2744 dem
551 2693 625 2744 Wis·
680 2694 714 2743 im
728 2691 871 2759 Gegeusate
893 2709 939 2744 zur
960 2694 1124 2744 vollendeten
1137 2695 1189 2746 Tu-

116 2777 163 2812 sen
176 2761 276 2812 heruht.
332 2779 337 2786 ·
679 2763 752 2823 gend.
782 2764 936 2814 communest
954 2763 1023 2813 steht
1039 2763 1066 2813 in
1080 2763 1189 2814 densel-

150 2830 176 2879 2.
204 2845 290 2880 mones
309 2829 526 2880 numeroshubet:
545 2819 626 2880 dort—
681 2831 1017 2896 henSlnnemouell§55.

115 2898 186 2948 liche
213 2897 405 2978 Uehorsetzuug
437 2914 486 2948 von
519 2894 627 2954 πάντας
718 2900 755 2950 17,
774 2903 821 2949 aut
832 2899 973 2950 Aristidem
992 2899 1024 2948 ad
1042 2900 1088 2950 hoc
1100 2898 1188 2950 hieten

115 2965 131 3017 ἔ
149 2981 188 3016 ων
199 2960 261 3021 τοὺς
273 2960 421 3036 dortheus.
444 2964 495 3016 Deo
509 2966 626 3028 gleiehen
681 2967 722 3018 dio
744 2968 833 3018 besten
846 2969 920 3018 lldss.
934 2967 979 3018 des
992 2966 1109 3018 Luctanl.
1128 2968 1187 3017 inst.

141 3034 253 3084 ebrauch
269 3049 319 3083 von
340 3049 461 3083 numerus
482 3034 562 3084 haben
584 3034 625 3083 die
680 3034 733 3084 div.
744 3035 806 3096 vlo,
816 3035 849 3084 26
859 3033 973 3098 ed.Pu1·.‚
983 3035 1189 3087 undhookonnte

115 3101 210 3169 lllimer
222 3101 248 3150 in
258 3100 432 3152 Redeusurteu
445 3101 496 3151 wie
509 3101 626 3152 omnibus
679 3103 748 3152 nieht
761 3118 789 3152 so
800 3102 879 3153 leicht
888 3105 980 3152 ousiis
989 3103 1028 3154 als
1038 3102 1189 3165 ungekehrt

114 3171 233 3220 numeres
245 3169 379 3220 absolutus
391 3185 416 3220 u.
429 3169 572 3219 dhnliehen.
680 3171 822 3222 eatetehen.
844 3170 981 3222 Ueherdies
990 3171 1027 3222 ist
1035 3170 1187 3220 diellrwdh-

150 3239 174 3290 6.
194 3239 325 3304 consere:
338 3254 359 3288 s.
373 3236 382 3288 l
395 3237 410 3303 ξ
423 3239 464 3288 61.
681 3253 749 3302 nnng
761 3239 806 3289 des
816 3236 944 3289 Griechen
958 3245 1033 3288 auter
1046 3239 1129 3289 lenter
1139 3238 1188 3288 lto-

150 3305 174 3356 7.
193 3305 342 3374 aileilpntat
353 3307 577 3371 praetermtssum:
597 3321 625 3356 so
680 3321 751 3358 mern
771 3305 941 3367 helrendend‚
964 3306 1048 3356 zumal
1069 3305 1121 3355 Cic.
1145 3321 1187 3355 um

114 3375 194 3425 sehon
208 3373 246 3424 sie
258 3375 305 3424 den
312 3373 481 3426 Unterschied
493 3371 534 3422 liin
543 3389 572 3423 so
582 3388 626 3436 ge·
681 3373 936 3440 rdmisehclleispiele
947 3371 988 3424 liir
1001 3375 1043 3424 die
1053 3373 1186 3423 einzelnen

114 3445 175 3506 ring
183 3457 224 3504 aa,
236 3442 294 3492 dass
304 3456 384 3505 ergar
394 3443 465 3492 nicht
473 3442 497 3490 in
505 3441 626 3492 detracht
680 3441 815 3505 Tugeudou
829 3441 1186 3505 nichtinVerlegenheitsoin

115 3527 147 3560 zu
160 3509 312 3561 zieheusei.
380 3564 381 3568 ,
679 3511 782 3562 konnte.
818 3509 891 3560 Auoh
907 3509 1086 3573 dorSingular
1101 3511 1187 3560 iustus

151 3579 193 3631 1³.
216 3580 293 3642 quasi
308 3577 418 3628 seeundo
435 3577 562 3642 quaedam
580 3578 625 3627 do·
679 3581 829 3630 nominetur
849 3579 927 3629 weist
948 3575 1039 3628 darauf
1057 3577 1106 3642 hin,
1125 3579 1185 3628 dass

113 3651 194 3707 aestu,
206 3647 253 3696 das
264 3645 380 3696 Ehrhsre
393 3646 502 3696 suellen
516 3643 623 3696 Graues.
677 3650 725 3696 aut
736 3646 867 3698 Aristides
879 3645 1029 3711 interpollet
1041 3645 1083 3696 ist.

112 3715 166 3766 Der
177 3713 315 3764 Ausdruck
336 3715 373 3764 ist
394 3713 464 3764 nicht
480 3715 553 3764 recht
565 3729 623 3780 pes·
714 3714 754 3766 19.
772 3730 790 3764 α
807 3717 930 3781 sephata:
949 3715 997 3764 der
1013 3713 1134 3777 Singulae
1150 3713 1187 3764 ist

113 3784 184 3833 send.
204 3782 274 3832 Denn
288 3783 333 3832 das
345 3783 482 3834 lunulam
494 3781 576 3832 selhst
587 3783 624 3832 ist
678 3789 788 3845 generet,
813 3798 855 3832 um
877 3781 1102 3844 hervorzuhoben,
1126 3782 1186 3832 deso

112 3850 241 3912 damlbe,
260 3850 326 3899 wirtl
342 3851 404 3902 aher
416 3867 468 3902 von
479 3851 537 3900 dem
548 3849 623 3900 einen
677 3851 722 3900 dos
735 3849 806 3901 ldeel
817 3852 864 3900 der
877 3850 1015 3913 Weisheit,
1034 3851 1080 3901 der
1099 3865 1146 3900 nur
1159 3850 1187 3900 in

111 3920 159 3970 mit
172 3920 220 3969 der
233 3918 395 3970 vollcndeten
403 3916 551 3982 Gesinnuug
563 3933 623 3970 aus·
677 3919 723 3968 der
735 3917 793 3969 ldee
806 3919 965 3970 existirende
975 3919 1087 3970 stoische
1094 3918 1187 3970 Weiss
