2768 4506
381 232 424 282 DE
437 231 576 284 urricus
588 231 649 285 hic.
660 232 679 284 l.
707 231 779 284 CAP.
793 235 834 286 16.
849 236 887 286 17.
1129 237 1169 300 63

96 388 180 457 velit,
198 385 357 448 consilium
372 385 458 447 fidele
472 385 649 448 deliberanti
664 386 751 461 dare’,
768 395 931 467 quaesunt
952 389 988 451 iis
1010 390 1102 462 utilia,
1124 391 1176 469 qui

96 470 260 552 accipiunt,
276 471 361 532 danti
376 488 439 532 non
454 471 587 532 molesta.
608 471 673 542 Qua
688 491 721 533 re
737 480 768 532 et
777 472 825 533 his
837 474 984 534 utendum
992 480 1038 535 est
1050 483 1079 535 et
1093 494 1176 536 sem-

95 575 154 638 per
170 556 282 635 aliquid
296 557 333 618 ad
348 572 538 616 communem
553 556 712 619 utilitatem
733 557 927 619 afferendum.
959 559 1018 620 Sed
1034 559 1176 639 quoniam

97 641 203 721 copiae
217 659 325 720 parvae
340 640 526 718 singulorum
543 650 628 714 sunt,
656 661 761 703 eorum
776 650 887 715 autem,
913 644 965 722 qui
988 643 1034 704 his
1061 653 1175 724 egeant,

59 738 75 785 5
95 725 216 788 infinita
234 734 280 786 est
295 725 468 797 multitudo,
491 725 618 803 vulgaris
633 726 791 789 liberalitas
806 728 963 789 referenda
979 736 1025 790 est
1040 729 1078 790 ad
1092 729 1176 790 illum

96 811 193 874 Ennii
208 811 315 870 finem:
332 810 421 870 nihilo
437 813 531 871 misus
545 813 601 890 ipsi
616 811 698 885 locet,
710 820 744 872 ut
755 812 877 874 facultas
886 812 934 885 sit,
942 832 999 892 qua
1012 814 1043 874 in
1055 821 1176 876 nostros

99 897 197 958 simus
213 895 360 956 hherales.

190 979 306 1040 Gradus
328 986 428 1040 autem
450 979 551 1057 plures
572 988 644 1042 sunt
663 980 812 1041 societatis
835 981 1001 1042 hominum.
1044 982 1082 1042 Ut
1097 981 1178 1042 enim
1195 983 1230 1040 17

100 1065 141 1128 ab
157 1064 207 1124 illa
222 1063 338 1124 infinita
353 1062 539 1135 discedatur,
566 1065 688 1145 propior
704 1071 747 1126 est
763 1065 899 1126 eiusdem
914 1067 1021 1144 gentis,
1039 1067 1178 1139 nationis,
1197 1061 1231 1112 53

45 1159 76 1212 tt
94 1152 226 1228 linguae,
243 1168 300 1228 qua
316 1167 454 1209 maxume
468 1148 607 1212 homines
624 1149 860 1230 coniunguntur:
882 1150 1008 1212 interius
1025 1152 1114 1212 ctiam
1130 1157 1176 1212 est

99 1234 237 1312 eiusdem
254 1251 318 1295 esse
334 1233 466 1294 civitatis.
488 1233 579 1296 liulta
596 1235 675 1296 enim
691 1243 762 1296 sunt
776 1235 888 1296 civibus
900 1234 983 1296 inter·
991 1255 1023 1296 se
1039 1253 1177 1296 commu-

98 1321 164 1392 nia3
180 1320 281 1379 forum
295 1319 374 1390 fana,
389 1317 521 1397 porticus
536 1321 610 1390 viae,
624 1321 704 1398 leges
720 1320 793 1392 iura,
809 1319 1085 1400 iudicia‘suffragia
1103 1338 1176 1382 con·

98 1404 277 1466 suetudincs
292 1410 446 1483 praeterea
466 1411 496 1464 et
517 1405 728 1466 familiaritates
745 1404 904 1484 multisque
925 1424 994 1467 cum
1009 1406 1113 1468 multis
1129 1423 1178 1467 res

19 1489 31 1522 ⁸
99 1489 297 1567 rationesque
312 1495 490 1549 contractae.

46 1581 78 1632 15
185 1574 287 1634 Artior
302 1591 371 1634 vero
387 1573 533 1650 colligatio
556 1581 603 1634 est
625 1573 774 1635 societatis
795 1574 1047 1654 propinquorum:
1071 1575 1107 1636 ab
1131 1573 1179 1635 illa

97 1659 182 1721 enim
197 1658 336 1720 inmensa
348 1657 487 1719 societate
498 1659 624 1720 humani
634 1659 750 1738 generis
766 1659 797 1719 in
809 1660 946 1738 exiguum
958 1667 1178 1739 angustumque

97 1743 298 1806 concluditur.
322 1742 398 1804 Nam
413 1761 482 1804 cum
497 1743 536 1804 sit
550 1744 607 1804 hoc
621 1751 726 1806 natura
742 1761 904 1805 commune
920 1744 1127 1813 animantium,
1144 1751 1179 1805 ut
1198 1749 1230 1800 54

96 1829 230 1890 habeant
244 1827 410 1889 lubidinem
424 1829 617 1908 procreandi,
644 1829 739 1908 prima
760 1828 886 1890 societas
909 1828 1019 1909 inipso
1041 1819 1178 1908 coniugio

97 1921 155 1987 est,
172 1913 307 1993 proxima
322 1913 354 1974 in
369 1913 481 1984 liberis,
497 1914 606 1975 deinde
621 1932 681 1975 una
697 1914 815 1986 domus,
831 1914 1001 1975 eommunia
1014 1914 1124 1974 omnia.
1146 1913 1179 1974 ld

46 2005 78 2055 2⁰
99 2006 205 2060 autem
227 2006 273 2058 est
294 1998 475 2076 principium
497 1999 580 2059 urbis
602 2005 632 2058 et
651 1997 735 2076 quasi
756 1999 951 2059 seminarium
972 1998 1016 2058 rei
1035 1997 1180 2078 publicae.

101 2085 282 2163 Sequuntur
296 2083 424 2144 fratrum
440 2083 679 2156 coniunctiones,
694 2091 762 2162 post
777 2083 1026 2145 consobrinorum
1042 2081 1181 2144 sobrino-

99 2187 242 2247 rumque‚
258 2167 309 2246 qui
325 2185 391 2228 cum
408 2186 468 2229 una
480 2168 570 2230 domo
586 2168 645 2230 iarn
657 2169 723 2247 capi
738 2169 936 2248 nonpossint,
949 2168 981 2228 in
993 2168 1062 2229 alius
1075 2168 1181 2228 domos

100 2261 257 2332 tamquam
274 2252 306 2312 in
322 2252 452 2314 colonias
468 2261 589 2315 exeunt.
620 2253 796 2333 Sequuntur
812 2253 939 2314 conubia
961 2253 1180 2321 eternitates,

137 2408 162 2458 2.
193 2362 390 2458 trs‘uencom:
421 2406 476 2456 sich
501 2407 547 2456 der
557 2407 617 2493 {a
670 2404 762 2457 deinde
773 2406 810 2456 ist
834 2405 888 2456 also
902 2406 972 2455 nieht
989 2405 1181 2471 temporalauf-

103 2483 223 2538 nutzung
235 2475 280 2525 der
296 2473 466 2538 allgemcinen
485 2475 566 2527 Giiter
585 2491 617 2526 zu
671 2474 798 2526 zulassen.
827 2472 875 2522 ilie
899 2472 981 2523 Stelle
1004 2475 1101 2524 stimmt
1125 2489 1181 2524 zum

101 2544 238 2597 euthalten
251 2544 321 2593 wilre
338 2543 487 2607 llochmutb‚
502 2559 535 2592 zu
546 2543 618 2594 ihrer
671 2540 749 2592 Theil
761 2539 992 2592 udrtlichiiberciu
1002 2541 1179 2592 mitStob.col.

101 2611 284 2675 Vcrmehruug
295 2611 379 2661 uichts
388 2610 552 2674 beizutragen
566 2610 618 2662 Un·
672 2612 724 2660 eth.
736 2626 760 2676 p.
776 2608 945 2660 arthocrea.

101 2679 308 2744 gerochtigheit3
331 2694 352 2728 s.
375 2677 392 2744 ᾖ
413 2678 446 2727 22
471 2690 616 2730 commum
707 2678 748 2729 21.
784 2679 939 2728 emeremni:
973 2676 1112 2742 cigcutlich
1141 2676 1182 2728 die

102 2748 230 2800 utilitates
241 2747 389 2798 inmeritum
401 2747 510 2810 afferre.
671 2745 755 2796 Stihne
775 2762 826 2797 von
843 2746 1006 2796 Sohwesteru
1026 2745 1078 2808 (die
1100 2745 1182 2796 Sdhne

138 2819 162 2866 5.
184 2813 304 2880 uulgaria
321 2812 471 2878 meldas,
489 2816 505 2866 i.
518 2830 539 2865 e.
553 2829 617 2880 puae
671 2829 722 2865 von
736 2814 848 2865 Briideru
857 2812 1008 2933 patrueles),
1026 2815 1091 2864 dunu
1105 2813 1178 2864 iiber·
1249 2872 1251 2878 Ι

106 2883 414 2948 omnibusgratificotor.
671 2883 751 2933 haut
774 2898 826 2933 von
880 2883 1056 2944 esehwisteru,
1086 2882 1186 2932 sobrini

140 2949 283 3018 reserenda
294 2954 344 3001 oct:
362 2950 399 3000 sic
416 2964 486 3000 musa
507 2949 563 3001 sich
575 2947 621 3000 auf
673 2951 715 3001 dic
724 2897 824 3000 liinder
837 2949 882 3000 der
895 2951 1047 3000 consobrini.

106 3021 148 3072 dic
160 3035 213 3069 von
226 3019 324 3068 Ennius
336 3017 502 3082 lestgesctzte
515 3015 618 3068 Greuze
708 3018 749 3068 23.
775 3023 908 3082 tamquam
931 3021 959 3067 in
983 3017 1105 3067 colonias:
1130 3016 1182 3079 vgl.

106 3085 294 3151 besohriiukcu,
311 3087 386 3138 ndml.
399 3087 458 3136 dass
476 3085 526 3136 wir
537 3085 620 3136 selbst
673 3086 739 3136 Plat.
752 3087 803 3149 lag.
815 3085 850 3137 Vl
862 3086 935 3136 'itta
945 3087 1029 3152 μητρὶ
1040 3086 1088 3142 καὶ
1100 3085 1185 3154 πατρὶ

106 3155 222 3206 dadurch
235 3154 566 3205 nichtveckiirztwcrden.
672 3155 719 3206 καὶ
747 3155 807 3210 τοῖς
835 3153 883 3216 τῆς
916 3147 1045 3220 γυναικὸὲ
1075 3153 1186 3208 οἰκείοις

140 3224 166 3276 9.
189 3239 257 3290 gem
284 3223 335 3271 und
358 3224 426 3272 natio
448 3223 538 3273 steheu
555 3237 619 3286 ganz
674 3220 813 3290 παρέντας
827 3217 884 3287 χρὴ
901 3217 952 3275 τὰς
963 3216 1055 3277 αὐτῶν
1072 3216 1186 3282 οἰκήσεις

106 3290 507 3410 εγέιουγω,8ζὸἰῑ1ιᾝῑξηὲιιιρῐίιιι
519 3289 620 3408 Geggu·
676 3283 753 3372 οἷόνι
770 3289 810 3344 εἰς
827 3284 969 3406 ²disputatae
997 3281 1186 3354 ἀφικομένους

107 3375 236 3412 sermm
288 3373 322 3408 a.
369 3375 406 3410 ers
437 3373 460 3409 rs
508 3375 551 3408 ans
593 3374 622 3410 er
676 3371 903 3414 αυτους-οκιν.

107 3429 299 3493 allgemeiucre,
319 3429 388 3477 natm
404 3427 450 3477 der
469 3375 561 3492 suggere
572 3427 621 3477 lle·
710 3426 829 3478 conubia:
846 3421 967 3473 wlihrcud
979 3424 1129 3487 confugium
1141 3421 1185 3471 das

110 3496 181 3561 griff.
676 3493 828 3557 allgemeiue
841 3490 920 3542 Wort
936 3489 979 3540 nir
992 3489 1106 3540 cheliohe
1119 3489 1186 3541 Ver·

144 3564 185 3618 13.
206 3564 420 3628 remotionesque
431 3565 623 3628 contr.,gegcn-
677 3564 790 3627 bindung
814 3562 848 3612 ist
873 3559 923 3614 und
941 3559 1028 3619 darum
1053 3557 1118 3608 auch
1136 3574 1186 3609 von

108 3631 204 3696 seitigc
217 3627 402 3696 geschiiltliche
414 3631 599 3694 Berichungen.
676 3631 788 3683 Thiereu
800 3629 940 3693 gebrauobt
962 3627 1037 3690 wird,
1059 3626 1094 3677 ist
1111 3641 1187 3676 conu-

145 3703 186 3754 15.
205 3701 238 3750 ab
249 3698 309 3750 illa:
323 3700 466 3763 ausgehcnd
477 3715 527 3750 von
538 3699 622 3763 iecor.
679 3701 749 3750 bium
761 3699 808 3749 der
820 3694 1187 3748 staatsrechtlichehusdruolr

146 3769 186 3819 19.
199 3767 292 3818 mama
304 3783 357 3818 one
368 3767 467 3831 domur,
488 3769 562 3819 ‘auch
579 3769 623 3820 da·
678 3768 728 3817 und
740 3767 861 3817 bedentet
872 3766 917 3816 das
928 3764 1009 3815 lleoht
1021 3764 1077 3815 ciac
1089 3764 1187 3826 giiltige

111 3837 151 3888 rin
175 3835 243 3900 negt
267 3836 325 3886 eine
349 3835 533 3901 Vereiuigung,
564 3837 623 3887 dass
678 3835 732 3886 Ehe
754 3835 801 3885 mit
824 3835 906 3885 ciuem
930 3836 991 3884 rim.
1027 3833 1126 3894 lliirger
1155 3847 1187 3879 zu

111 3905 152 3955 dic
165 3903 306 3966 Wohuung
318 3904 557 3967 gemeinschaftlich
569 3902 623 3956 ist’.
679 3904 835 3966 schlicssen3
853 3902 910 3952 hier
922 3902 992 3952 steht
1003 3901 1048 3950 dus
1060 3897 1140 3950 Wort
1152 3898 1186 3948 im
