2768 4498
406 207 450 262 DE
461 210 599 263 urricus
610 210 670 264 ult
683 210 714 264 11.
740 212 814 262 CAP.
827 214 851 262 Ἰ.
863 213 888 262 8.
1112 214 1173 276 137

95 367 276 431 daemonius
290 366 401 428 iniuste
415 367 598 445 imperantes
621 383 726 428 nonne
746 375 873 446 repente
887 385 995 428 omnes
1016 370 1079 427 iere
1101 367 1174 428 socii

95 454 303 515 deseruerunt
323 461 568 530 spectatumque
589 470 622 512 se
643 451 758 512 otiosos
782 451 987 534 praebuerunt
1000 451 1173 512 Leuctricae

94 534 298 600 calamitatis?
325 537 457 597 Externa
470 535 613 596 libentius
627 536 660 596 in
672 535 724 596 tali
737 554 772 596 re
786 555 876 614 quam
891 537 1056 598 domestica
1071 555 1173 598 recor·
1187 546 1209 600 8

96 626 165 684 dor.
189 624 301 683 Verum
317 631 420 682 tamen
442 639 532 700 qnam
547 620 600 680 diu
619 621 782 700 imperium
796 621 899 699 populi
914 621 1041 682 Romani
1057 621 1172 682 benoli-

59 723 74 771 5
94 709 152 770 ciis
167 707 344 778 tenebatur,
365 723 428 766 non
442 705 576 774 iniuriis,
598 705 673 766 bella
687 713 740 766 aut
752 724 808 784 pro
823 706 912 767 sociis
927 716 979 768 aut
993 707 1030 767 de
1045 706 1172 786 imperio

92 793 292 872 gerebantur,
303 791 401 852 exitus
411 800 500 851 erant
509 790 656 852 bellorum
662 799 716 852 aut
721 791 809 852 mites
816 801 869 852 aut
874 791 1045 862 necessarii,
1058 809 1172 870 regum,

91 879 290 958 populorum,
316 876 474 936 nationum
497 885 604 954 portus
627 885 691 936 erat
712 884 742 938 et
755 876 904 954 refugium
920 885 1051 947 senatus,
1078 878 1173 938 nostri

91 971 198 1024 antem
215 961 408 1039 magistratus
423 961 678 1040 imperatoresque
692 979 730 1020 ex
744 961 799 1022 bae
813 978 874 1022 una
888 977 921 1022 re
932 962 1093 1022 maximam
1107 962 1173 1022 lau-

91 1051 164 1110 dern
182 1066 290 1126 capere
304 1045 483 1116 studebant,
502 1046 529 1105 si
542 1045 726 1124 prouincias,
746 1046 772 1108 si
795 1046 892 1106 aomos
906 1047 1055 1125 aequitate
1070 1055 1101 1106 et
1115 1046 1174 1106 lide

43 1142 73 1190 10
92 1133 317 1195 defendissent.
340 1131 443 1210 ltaque
458 1130 532 1192 illud
547 1131 748 1210 patrocinium
759 1130 840 1190 orbis
855 1137 952 1192 terrae
966 1131 1065 1192 verius
1080 1149 1171 1210 quam
1189 1142 1221 1192 tt

90 1217 261 1298 imperium
277 1224 395 1296 poterat
409 1215 569 1277 nominari.
592 1216 710 1276 Sensim
726 1216 803 1276 bane
818 1216 1065 1278 consuetudinem
1080 1225 1111 1276 et
1125 1216 1172 1276 di-

89 1304 256 1384 sciplinam
270 1302 331 1362 iam
342 1311 431 1362 antea
439 1300 660 1372 minuebamus,
674 1309 826 1379 postvmo
840 1301 939 1364 Sullae
949 1301 1103 1362 victoriam
1118 1320 1172 1380 pe-

89 1391 178 1450 nitus
195 1385 366 1447 amisimus:
383 1387 512 1446 desitum
528 1394 574 1445 est
590 1387 670 1446 enim
686 1385 781 1445 videri
792 1387 950 1465 quicquam
960 1386 993 1446 in
1005 1387 1101 1446 socios
1114 1386 1172 1446 ini-

89 1492 201 1554 quum,
218 1490 286 1532 cnm
300 1471 463 1531 exstitisset
476 1471 510 1530 in
525 1470 869 1532 civestantaerudslitas.
885 1471 964 1549 Ergo
974 1471 1004 1530 in
1013 1471 1062 1532 illo
1072 1480 1173 1532 secuta

41 1565 68 1614 15
89 1567 140 1620 est
162 1558 324 1618 honestam
340 1575 458 1616 causan
474 1573 538 1616 non
548 1556 676 1616 honesta
690 1556 820 1615 victoria.
858 1555 912 1616 Est
925 1556 1005 1616 enim
1022 1575 1111 1618 ausus
1127 1556 1174 1618 di-

89 1661 163 1705 cere
174 1643 260 1702 basta
276 1641 380 1719 posita,
396 1639 553 1702 eumboua
564 1641 596 1700 iu
604 1640 671 1700 loro
683 1640 827 1700 venderet
840 1649 869 1699 et
880 1640 1028 1700 benonim
1040 1641 1172 1702 virorum

89 1738 122 1790 et
138 1727 338 1805 locupletium
355 1733 385 1785 et
400 1733 480 1786 certe
496 1724 615 1799 civium,
631 1725 781 1804 ‘praedam
795 1743 828 1784 se
843 1742 928 1784 suam
945 1725 1092 1785 rendere'.
1119 1726 1172 1786 Se-

88 1893 191 1969 ὗρρεις
200 1891 251 1952 τὰς
261 1894 296 1974 ἐν
302 1897 360 1952 τοῖς
372 1892 537 1977 ἔμπροσθεν
542 1893 611 1965 χρό-
664 1896 834 1959 occisusne,
841 1897 978 1960 wiegegen
985 1897 1098 1962 Corinth,
1109 1898 1172 1950 Car·

89 1981 152 2022 νοις
175 1966 225 2016 καὶ
247 1980 347 2027 ταυτην
374 1968 536 2027 orandam
563 1965 611 2016 zat
662 1965 910 2027 tbrgo‚Numantia;
928 1963 1033 2029 vgl.l§
1051 1967 1092 2016 35.
1110 1968 1171 2018 Dies

89 2050 127 2086 πε
172 2031 224 2095 τῆς
234 2027 324 2084 αὐτῶν
335 2029 534 2084 ἐκινδύνευσαν,
662 2031 791 2094 gersdezu
808 2033 1010 2098 ausrusprecben
1029 2037 1173 2086 vermeidet

147 2139 154 2152 .
175 2099 280 2157 Varum
302 2104 388 2150 maa
411 2099 535 2164 quandiu
558 2106 608 2150 cet
663 2099 762 2150 Cicero.

90 2171 145 2220 Der
160 2167 353 2230 Gedanieder
364 2167 609 2218 mitvarmutam
698 2168 737 2218 12.
771 2173 830 2234 poet
851 2183 909 2218 vero
928 2165 1016 2220 Sullae
1031 2171 1193 2220 viderim..

90 2235 297 2302 angaschlossen
309 2237 384 2290 winl,
402 2235 449 2286 ist:
477 2235 515 2284 ‘sn
534 2235 609 2298 lange
662 2233 706 2284 lbn
719 2243 786 2286 setnt
802 2237 867 2286 auch
881 2235 945 2286 Sall.
958 2235 1013 2288 Cat.
1030 2239 1057 2289 li
1072 2239 1111 2288 als
1125 2238 1172 2290 den

90 2308 138 2356 die
145 2303 278 2356 rdmiscbe
284 2301 436 2356 Herrscbaft
443 2303 550 2367 gereebt
558 2303 609 2352 und
663 2302 813 2367 Zeitpunkt
823 2305 869 2354 ruit
879 2303 1001 2356 welcbem
1009 2306 1050 2356 oin
1060 2307 1172 2371 vdlligcr

12 2383 18 2404 '
89 2373 175 2424 milde
188 2385 256 2435 war,
276 2387 332 2423 war
348 2372 388 2422 sie
399 2371 481 2434 stark,
502 2371 612 2422 seitdens
661 2369 831 2434 Umsebwuug
843 2372 869 2422 in
881 2371 1078 2424 denrdnisoben
1088 2375 1172 2425 Sittcn

90 2444 133 2492 sie
143 2441 210 2490 bart
220 2439 272 2488 und
285 2440 426 2502 ungerecbt
436 2441 534 2502 warde,
548 2453 608 2490 ver-
662 2439 713 2490 und
726 2438 824 2489 Wesen
838 2439 942 2488 cintrat

89 2504 230 2560 failltsie?
249 2504 537 2558 Doebsribrtdererste
548 2505 609 2556 Sata
698 2507 738 2558 14.
767 2508 794 2554 r'n
812 2505 856 2556 dtu
872 2509 962 2556 secato
978 2509 1017 2554 est
1037 2507 1168 2558 leuatam

89 2593 143 2628 nur
151 2573 610 2638 dieFolgendermildenlicrrscbait
662 2589 770 2624 eausam
782 2581 842 2626 oet:
855 2574 917 2626 Sall.
930 2573 984 2623 Cat.
995 2577 1023 2625 ll
1033 2578 1169 2640 portqamm

90 2661 150 2696 ans.
185 2642 375 2694 ilerNaebsata
388 2643 610 2708 zummmdiuto
662 2639 691 2690 L.
716 2641 789 2692 Sulla
809 2645 893 2694 anuis
911 2645 1012 2708 recepta
1029 2642 1168 2709 republica

89 2713 206 2764 uebatur
221 2711 329 2774 beginnt
348 2710 404 2762 also
420 2712 468 2762 mit
485 2710 551 2760 balla
560 2713 609 2762 aut
662 2711 734 2760 tonia
745 2713 833 2762 initiis
843 2711 925 2760 mdm
936 2713 1043 2760 aemulus
1054 2711 1150 2762 labarit.

90 2787 145 2832 eet.
164 2776 219 2828 dui
229 2780 270 2830 die
282 2778 454 2843 Schilderung
465 2780 512 2830 der
521 2785 609 2840 entge·
699 2778 739 2829 16.
758 2779 835 2828 basta
845 2773 945 2845 pocta:
963 2778 1010 2828 der
1027 2778 1108 2844 Specr
1119 2795 1174 2830 war

89 2853 283 2914 gengesetzten
302 2847 432 2898 Zustiindo
449 2845 609 2898 komthic.
662 2846 843 2911 umpriinglieb
867 2847 912 2896 das
931 2846 1036 2912 Symbol
1059 2846 1101 2898 fuir
1123 2848 1170 2898 dou

89 2919 163 2968 (lanu
183 2913 234 2966 nit
251 2913 353 2966 Sammo
366 2916 432 2965 bone
450 2930 536 2966 eccm.
558 2913 609 2964 und
664 2913 783 2964 Verkaui
792 2917 838 2964 der
854 2911 1033 2978 liriegsbeutc,
1053 2917 1119 2964 daun
1132 2914 1174 2965 fiir

89 2983 164 3036 insat
177 2982 294 3034 diuselba
310 2997 351 3034 am
368 2983 473 3034 Sebluss
485 2999 536 3033 von
547 2981 564 3046 ᾖ
577 2981 609 3032 29
662 2979 721 3042 jede
738 2982 885 3032 dffentliebe
902 2982 1113 3046 Versteigerung,
1130 2984 1175 3032 da-

90 3053 141 3102 mit
164 3053 286 3116 alquale
305 3050 352 3100 das
372 3050 455 3102 obdas
472 3058 521 3101 cet.
535 3051 611 3100 nocb-
664 3050 713 3099 ber
729 3049 799 3100 steht
810 3051 885 3099 bocla
897 3051 1024 3112 gerudezu
1035 3048 1077 3100 sm
1088 3053 1175 3101 auctio

89 3119 163 3172 mals
174 3133 328 3172 zusammen.
663 3118 785 3167 bonorum
797 3116 860 3166 oder
871 3120 987 3180 sectio,
1005 3133 1059 3168 was
1077 3118 1124 3170 der
1136 3119 1174 3168 ei·

129 3186 414 3252 malesuadam.
441 3184 504 3236 Sall.
517 3185 572 3234 Cat
595 3185 610 3236 9
664 3184 795 3248 gentlicbe
805 3182 1177 3237 Ausdruckliirdcherlrauf

90 3253 167 3322 quod
189 3253 319 3319 benefied's
337 3269 415 3318 quom
436 3257 507 3304 motu
529 3255 611 3320 impa-
664 3253 708 3303 des
726 3252 884 3315 Vermdgcns
905 3252 1090 3315 proscribirter
1111 3253 1173 3302 oder

90 3327 169 3376 raom
191 3323 332 3387 agitabant
352 3327 379 3372 at
398 3321 611 3388 acceptabilem
663 3318 1172 3372 recbtliebverurtbeiltcrPersonenist.

90 3396 231 3456 ignescere
243 3405 322 3454 otram
337 3393 457 3457 petoque·
470 3388 609 3441 molebant.
700 3388 740 3438 17.
759 3387 915 3456 proadem-sc
924 3401 1001 3437 auom
1012 3403 1046 3436 o.:
1059 3386 1173 3438 Verr.ll1

128 3461 156 3510 5.
174 3472 227 3526 pro
237 3459 315 3508 sociis
326 3462 371 3509 ortt
382 3458 413 3508 da
425 3459 545 3524 imperio:
557 3457 609 3508 wie
663 3455 705 3518 35,
718 3457 748 3506 81
760 3472 828 3508 unos
837 3455 1055 3572 adbuescitfort
1066 3454 1173 3506 Rmuam

90 3541 176 3592 gagen
189 3525 232 3574 die
244 3525 374 3577 Samnites
386 3525 428 3575 liir
440 3526 533 3591 Capua,
547 3525 609 3577 oder
662 3523 803 3588 ceaddam,
820 3526 863 3574 eei
883 3539 925 3574 res
940 3524 991 3590 ped
1002 3525 1041 3573 ica
1052 3539 1079 3574 se
1090 3526 1173 3574 lotam

90 3612 143 3648 zur
161 3593 348 3658 Erwcilemmg
379 3594 425 3646 der
447 3591 607 3657 llerrsehaft‚
662 3591 806 3642 tndem-
819 3589 938 3642 osolla.
951 3590 1115 3641 Hietootnm
1123 3605 1172 3658 po-

89 3663 159 3714 aber
176 3662 251 3714 nieht
268 3677 314 3714 zur
332 3663 546 3728 suspitatorem
563 3662 610 3712 der
663 3663 723 3724 toll,
735 3663 764 3712 ut
775 3675 847 3712 omno
859 3659 1044 3724 dloinoitooee
1056 3660 1173 3710 bonanae

89 3730 255 3784 Pacuium·
661 3730 777 3796 pactam
793 3743 839 3778 ttae
855 3729 937 3776 vitam
953 3730 1065 3779 relinere
1095 3731 1172 3790 csset3

128 3800 155 3850 d.
173 3798 325 3860 occesserit
346 3813 375 3847 so
387 3797 438 3848 wie
450 3810 478 3848 as
490 3796 532 3847 die
543 3795 610 3848 Ver·
663 3799 768 3848 tantem
779 3798 863 3846 aalma·
873 3796 965 3846 babuit
981 3795 1017 3846 ad
1026 3813 1061 3848 ou
1079 3799 1173 3859 uriom,

89 3867 224 3918 biiltnisse
241 3864 382 3928 forderten,
404 3865 460 3918 also
473 3881 506 3915 au
518 3863 609 3914 zeiteu
629 3885 633 3891 ·
664 3862 785 3915 utdieere
804 3866 830 3914 in
848 3867 962 3914 contione
978 3864 1172 3927 rzoadobo'tarat,
