2768 4498
343 205 371 222 ²
399 217 441 268 DE
456 217 593 270 ermells
604 215 664 269 LlB.
677 217 706 270 11.
725 219 797 271 CAP.
811 221 834 271 8.

1094 223 1155 285 139

84 374 200 433 hastam
213 371 295 431 illam
306 378 460 433 eruentem
473 371 740 434 etmeminerintct
751 374 1068 472 sperabunt3quamP.
1077 377 1156 438 Sulla

84 475 152 517 cum
167 455 314 517 vibrasset
329 455 474 518 dictatore
489 457 658 536 propinque
680 477 751 529 sue,
777 458 856 520 idem
877 467 960 520 sexte
983 461 1155 522 tricensimo

84 558 165 601 anne
180 549 278 619 posta
293 541 482 602 sceleratiore
498 543 581 603 basta
598 560 660 604 non
675 543 805 604 recessit.
835 545 918 608 Alter
931 552 1040 619 autem,
1058 546 1155 627 quiin

82 626 131 688 illa
146 626 293 687 dictatura
307 626 403 689 scriba
418 626 548 703 fuerat,⁸
540 646 571 687 m
587 628 643 688 bae
657 627 714 688 fuit
729 635 872 723 quaestor
887 629 1027 692 urbanus
1044 631 1154 711 Exque

51 719 64 766 1
82 712 171 772 debet
190 710 322 788 intellegi
343 711 452 772 talibus
475 711 614 790 praemiis
636 711 798 790 propositis
824 732 990 792 numquam
1016 717 1154 777 defutura

82 797 156 857 bella
172 795 276 856 civilia.
320 796 424 875 ltaque
439 796 566 876 parietes
582 797 672 857 mode
689 797 814 858 urbist
785 817 800 857 s
802 806 867 859 tant
882 809 912 860 61
929 809 1060 874 manent,
1076 801 1156 898 iique

82 881 137 960 ipsi
152 881 216 941 iam
228 888 357 962 extrema
373 884 484 943 seelera
500 890 680 951 metuentes,
703 899 769 941 rem
784 902 855 942 vere
871 883 1017 962 publicam
1034 886 1155 964 penitus

81 966 248 1027 amisimus.
271 966 391 1045 Atque
384 985 416 1026 m
427 967 481 1026 has
493 967 589 1027 clades
600 965 759 1028 incidimus
771 970 1059 1030 ——redeuudumest
1073 971 1155 1032 enim

47 1045 116 1111 'ad
132 1050 381 1147 propesitum-
382 1052 474 1122 ‚dum
486 1052 580 1112 metui
593 1070 682 1147 quam
698 1051 756 1111 cari
774 1069 839 1114 esse
855 1060 884 1113 ot
900 1053 980 1133 diligi
995 1056 1154 1117 malumus

38 1140 66 1188 10
82 1139 164 1210 Quae
182 1136 207 1196 si
228 1137 339 1214 populo
354 1136 491 1196 Romane
513 1136 623 1197 iniuste
645 1135 805 1214 imperanti
827 1139 960 1201 accidere
981 1148 1155 1219 potuerunt,

83 1222 152 1301 quid
169 1221 282 1282 debent
296 1230 403 1301 putare
419 1217 551 1318 singuli?

168 1308 257 1379 Quod
272 1325 341 1366 cum
356 1307 549 1404 perspicuum
564 1307 604 1367 sit
619 1308 876 1370 benivolentiae
852 1328 910 1369 661
926 1329 990 1371 6666
1003 1329 1152 1388 magnam,

83 1400 181 1453 metus
197 1391 386 1463 imbecillam,
403 1391 539 1471 sequitur
554 1401 586 1452 ut
596 1391 775 1456 disseramus
789 1392 897 1472 quibus
908 1394 1000 1456 rebus
1016 1395 1155 1456 facillime

81 1477 234 1555 pessimus
250 1495 315 1537 eam
332 1494 420 1556 quam
441 1478 577 1538 volumus
598 1479 719 1557 adipisci
739 1498 806 1540 cum
830 1479 944 1540 honore
960 1489 990 1540 et
1004 1480 1063 1540 lide
1078 1480 1155 1541 eari-

40 1567 66 1618 15
82 1571 185 1623 tatem.
231 1562 291 1622 Sed
306 1581 340 1622 ea
354 1577 416 1622 nen
432 1563 542 1640 pariter
565 1582 670 1624 omnes
692 1581 829 1642 egemus;
856 1581 925 1626 nam
952 1567 988 1626 ad
1009 1566 1154 1645 cuiusque
1178 1583 1210 1631 30

82 1648 173 1708 vitam
189 1646 361 1707 institutam
378 1647 664 1709 accommodandum
681 1657 744 1723 est,
767 1669 782 1710 a
806 1649 949 1709 multisne
971 1668 1047 1727 opus
1063 1651 1155 1710 sitan

83 1732 153 1793 satis
169 1732 209 1792 sit
224 1752 241 1792 a
256 1732 357 1810 paucis
374 1732 462 1810 diligi.
501 1733 622 1793 Certum
637 1734 728 1811 igitur
742 1735 800 1794 hoc
815 1733 854 1792 sit
869 1734 958 1813 idque
974 1741 1003 1794 et
1025 1735 1155 1812 primum

83 1827 261 1878 etmaxume
272 1817 480 1888 necessarium,
494 1817 709 1880 familiaritates
720 1818 830 1879 babere
842 1819 915 1878 fidas
927 1819 1090 1880 amantium
1100 1838 1156 1882 nos

82 1903 248 1963 amicerum
265 1910 294 1960 et
309 1912 410 1962 nestra
425 1902 617 1963 mirantium:
644 1904 718 1965 baec
733 1905 815 1964 enim
830 1921 889 1963 una
903 1922 952 1964 res
967 1921 1100 1982 prorsus,
1122 1913 1157 1965 ut

37 1995 65 2045 ‘20
82 2006 144 2048 nen
167 1987 298 2048 multum
321 1986 436 2048 dillerat
459 1987 538 2048 inter
560 2005 695 2048 summos
719 1997 748 2048 et
772 1988 928 2048 mediocris
950 1989 1038 2058 vires,
1061 2008 1156 2068 aeque

117 2199 139 2250 l.
152 2199 182 2248 P.
198 2195 347 2246 8611616116
359 2195 414 2244 sich
422 2197 500 2244 sehon
511 2195 537 2244 in
547 2195 593 2244 der

81 2265 261 2330 Proscription
271 2271 348 2314 nnter
357 2263 386 2313 L.
398 2262 470 2312 86116
480 2263 593 2326 612182)

82 2334 156 2384 61666
179 2331 278 2382 Namcn
302 2331 443 2382 erworben.
483 2330 591 2381 611666-

83 2403 208 2464 signirter
220 2400 314 2450 Consul
329 2399 379 2449 688
393 2400 447 2461 (66)
462 2400 551 2448 werde
565 2415 594 2448 er

84 2485 173 2533 wegen
192 2469 352 2530 Restecbnng
370 2468 524 2516 verurtbeilt
544 2467 593 2516 und

83 2545 180 2588 666616
199 2536 304 2586 deshalb
322 2533 368 2584 661
384 2536 439 2584 6616
457 2537 516 2584 Amt
534 2549 594 2585 ver-

83 2608 192 2656 zicbten.
229 2604 302 2653 Aneb
320 2603 366 2653 der
382 2600 544 2652 Tbailnabsna
561 2618 593 2652 en

84 2675 127 2724 dar
154 2672 362 2723 catilinarisehen
386 2670 593 2734 Ver-schwe'mng

83 2743 172 2791 werde
186 2739 592 2800 666666161615166666666616.

84 2812 108 2860 in
120 2811 168 2860 der
178 2808 398 2858 necharhalteuen
406 2807 475 2856 11666
483 2807 593 2856 vertbei-

84 2879 146 2942 digt.
167 2877 261 2942 Spiiter
273 2875 371 2925 sehloss
384 2890 414 2924 er
426 2876 480 2925 siclt
492 2874 593 2924 uncae·

83 2962 126 2996 sar
138 2961 171 2995 66
183 2945 235 2994 666
247 2943 379 2993 6616166616
392 2943 447 2993 siclt
460 2943 524 2991 nech
536 2943 593 2992 des·

83 3031 125 3064 sen
155 3013 232 3074 Sicge
251 3013 300 3062 1118
320 3012 371 3074 146)
395 3009 492 3061 wieder
511 3009 591 3059 durch

82 3079 228 3133 Anlbeulen
242 3079 428 3143 oingczegenar
441 3077 523 3128 Giiter
536 3093 591 3136 666,

84 3149 194 3200 661666.
208 3146 260 3198 XV
275 3149 315 3209 19,
327 3148 342 3196 3
355 3145 534 3212 6666686116-
540 3160 593 3195 em

83 3221 125 3268 616
137 3219 203 3267 boam
215 3217 314 3265 6611611.

116 3287 141 3335 3.
173 3284 259 3344 Alter,
282 3283 329 3332 der
344 3281 438 3332 endere
451 3281 594 3345 Cornelier,

85 3355 125 3404 616
138 3351 353 3414 Freigelasscner
364 3352 409 3399 666
418 3347 499 3398 86116.
531 3349 593 3398 Sall.

86 3421 174 3484 fragm.
195 3419 306 3480 141611
324 3419 363 3468 ed.
382 3415 466 3467 liritz
494 3417 596 3466 scilieet

84 3493 144 3553 quia
156 3503 209 3538 nen
221 3456 299 3537 611166·
309 3486 496 3549 solotenusque
508 3487 581 3534 tetr‘
568 3501 596 3532 66

84 3553 598 3675 accedereaccedere:

81 3693 258 3759 preelegerent
295 3690 372 3740 Sonst
396 3689 433 3739 161
457 3690 502 3737 der
548 3703 596 3737 666

86 3760 239 3810 unbekannt.

117 3830 134 3877 4
165 3823 296 3892 quaestor.
332 3826 428 3875 Ceasar
452 3824 596 3873 vermehrta

84 3897 124 3946 616
135 3894 201 3946 Ζ6111
214 3895 263 3944 661·
271 3891 430 3957 0666616666
442 3889 488 3941 661
497 3892 530 3942 46
547 3889 597 3939 666

647 2196 719 2244 nalum
732 2195 800 2245 viele
811 2195 893 2246 Leute
905 2212 955 2246 ven
966 2195 1083 2247 niederer
1093 2196 1157 2246 Her·

647 2262 728 2328 kunlt,
742 2278 818 2325 sogar
828 2263 1009 2314 Provincialeu
1022 2265 1072 2313 und
1083 2263 1157 2314 Frei-

646 2331 778 2393 gclassene
791 2332 816 2379 in
829 2332 876 2380 666
889 2331 935 2382 661
945 2333 995 2381 966
1009 2331 1157 2394 Mitglieder

647 2401 843 2458 rergriisserten
856 2399 934 2448 86661
946 2399 997 2448 661.
1017 2399 1156 2449 Mommsen

647 2481 668 2515 r.
682 2464 712 2515 G.
725 2465 757 2515 111
769 2482 792 2531 p.
805 2466 864 2515 426.

682 2534 705 2583 6.
716 2537 829 2600 parietes
842 2561 856 2569 ·
869 2537 1019 2583 aestuantes:
1038 2549 1061 2598 p.
1075 2534 1154 2584 Marc.

648 2601 672 2665 3,
696 2604 726 2653 111
740 2605 865 2668 periotes,
888 2617 930 2650 me
947 2601 1107 2666 6166161166,
1128 2605 1158 2652 ut

647 2670 712 2718 66661
723 2669 831 2730 videtur,
844 2672 921 2720 buius
932 2671 1022 2719 666166
1034 2671 1082 2719 teet
1090 2685 1157 2736 gra-

648 2739 699 2786 tias
711 2751 790 2802 agere
799 2741 925 2802 gestarent.

684 2805 722 2854 12.
755 2806 903 2868 (laederem.
942 2804 1013 2867 Quod
1029 2805 1158 2856 diantnur

647 2872 831 2938 Verkniiplung
843 2876 890 2924 der
902 2874 986 2935 811166,
999 2875 1050 2923 wie
1062 2875 1089 2924 16
1102 2875 1158 2924 dem

647 2957 676 2991 so
689 2942 805 3004 hiiuligon
817 2942 914 3007 quodsi,
926 2941 992 3005 qood
1002 2945 1062 3006 quie
1074 2943 1105 2990 66
1116 2943 1157 2990 lin.

646 3007 765 3070 126,61.
800 3009 1002 3074 quodquoniam
1018 3009 1048 3058 66
1066 3011 1108 3058 lin.
1126 3006 1158 3058 111
1214 3051 1225 3064 ,

650 3076 690 3139 18,
698 3077 739 3126 59.
752 3077 791 3126 An
801 3077 913 3126 anderen
921 3077 1018 3126 8161166
1029 3078 1097 3127 steht
1103 3077 1158 3126 dies

647 3143 1159 3208 quodmebrreletiviscbundwirddurcli

648 3213 722 3261 einen
728 3209 863 3275 folgenden
871 3212 931 3262 8616
938 3213 1078 3272 6611161661,
1086 3227 1106 3262 s.
1117 3211 1157 3260 111.

687 3348 725 3396 14.
738 3363 797 3398 eum
809 3348 904 3397 itenere
916 3351 940 3397 et
949 3347 999 3414 fide
1008 3348 1157 3396 ceritatem:

651 3415 693 3466 616
712 3414 802 3477 Liebe,
826 3415 866 3464 616
888 3416 943 3465 sich
960 3414 1006 3465 661
1021 3414 1089 3464 Ehre
1107 3415 1160 3462 und

650 3483 797 3534 Vertraucn
810 3484 931 3546 griindet;
945 3499 965 3533 6.
978 3482 994 3547 ξ
1008 3483 1049 3532 21.

687 3552 726 3602 19.
756 3555 845 3600 rtertra
856 3552 1021 3600 mirantium:
1052 3550 1160 3604 bewen-

650 3621 714 3669 dern
732 3619 769 3668 ist
787 3619 844 3668 hier
863 3620 904 3668 cin
922 3636 954 3668 zu
974 3618 1077 3668 starker
1093 3619 1161 3668 Aus-

651 3687 740 3749 druok,
753 3702 780 3736 66
793 3687 1160 3749 istvielmebrboehsehiitzen,

651 3769 746 3805 unseru
759 3754 854 3806 Wartb
865 3755 1037 3806 anerkennen.

686 3823 727 3875 20.
761 3838 840 3887 acqua
862 3825 978 3887 61616666
1004 3836 1078 3890 prop.
1113 3821 1160 3871 1116

652 3890 834 3940 Construction
846 3891 882 3940 ist
896 3891 957 3942 baec
973 3893 1042 3940 enim
1057 3906 1109 3940 utra
1120 3905 1161 3939 ras
