2800 4506
192 257 253 322 196
497 252 542 304 llll
554 251 691 304 orrtctts
702 251 763 304 ΠΒ.
774 250 814 304 111.
841 251 914 303 CAP.
927 253 951 303 8.

189 429 284 491 eaque
295 417 347 473 aut
358 409 421 472 sola
436 407 601 487 expetenda
613 413 669 480 est
683 413 717 468 ut
733 405 847 468 Zenoni
858 404 955 466 visum
968 412 1024 479 est,
1037 413 1089 467 aut
1100 413 1181 468 certe
1193 425 1262 468 om-

189 497 221 560 ni
236 495 371 575 pondere
380 493 499 574 gravior
509 492 644 554 habenda
659 509 748 571 quam
763 490 876 569 reliqua
888 490 998 566 omnia,
1015 490 1097 571 quod
1108 491 1263 554 Aristoteli

189 583 300 663 placet,
321 596 445 642 necesse
465 586 525 650 est,
547 577 627 656 quod
646 576 808 639 honestum
827 576 879 648 sit,
900 575 930 636 id
947 594 1012 638 esse
1027 584 1080 638 aut
1094 575 1192 638 solum
1210 585 1263 639 aut

188 683 342 728 sumntum
357 663 483 736 bonum,
499 663 579 742 quod
595 669 696 724 autem
712 662 836 733 bonum,
851 660 881 720 id
896 670 977 722 certe
993 661 1081 733 utile,
1096 660 1152 732 ita,
1174 661 1262 740 quie-

137 761 170 814 36
190 749 259 831 quid
275 750 448 820 honestum,
463 747 495 810 id
509 747 591 810 utile.
616 747 681 819 Qua
696 765 729 808 re
744 763 828 808 error
839 745 998 808 bominum
1010 763 1072 807 non
1083 745 1261 824 proborum,
1281 757 1297 806 5

189 853 257 897 cum
274 833 394 914 aliquid,
411 833 491 913 quod
506 832 579 894 utile
596 831 693 893 visum
709 840 765 904 est,
780 829 913 910 arripuit,
929 830 959 892 id
972 831 1117 892 continuo
1129 831 1263 893 secernit

189 920 225 982 ab
245 919 384 982 honesto.
414 918 491 980 llinc
506 917 594 988 aicae,
610 916 680 978 hinc
695 933 822 988 venena,
838 916 908 978 binc
922 915 994 978 lalsa
1008 923 1192 978 testamenta
1207 934 1262 978 na·

189 1011 323 1078 suuntur,
338 1003 410 1068 bino
423 1006 503 1066 forta
517 1002 680 1082 peculatus,
695 1001 889 1080 expilationes
904 1000 1150 1080 direptionesque
1160 1001 1263 1062 accio-

188 1108 256 1152 rum
277 1096 306 1154 et
326 1089 448 1160 civium,
469 1088 540 1152 binc
559 1105 649 1167 opum
665 1085 842 1158 nimiarum,
862 1085 1014 1164 potentiae
1030 1103 1093 1148 non
1108 1086 1261 1161 ferendae,

188 1183 341 1258 postremo
357 1173 446 1238 etiarn
461 1173 493 1236 in
507 1172 608 1236 liberis
623 1171 791 1235 civitatibus
806 1171 952 1249 regnandi
964 1171 1098 1234 existunt
1109 1171 1261 1250 cupidita·
1282 1182 1314 1232 10

188 1267 244 1332 tes,
260 1260 368 1340 quibus
380 1259 454 1322 nihil
465 1277 523 1321 nec
533 1257 657 1320 taetrius
669 1275 726 1318 nec
736 1256 854 1324 foedius
865 1256 1023 1336 excogitari
1035 1263 1143 1336 potest.
1167 1256 1261 1318 Emo-

189 1344 322 1408 lumenta
337 1344 418 1408 enim
433 1361 536 1406 rernm
550 1340 704 1405 fallacibus
719 1341 836 1407 iudiciis
852 1340 964 1414 vident,
979 1359 1108 1420 poenam
1119 1359 1183 1404 non
1194 1342 1262 1404 dico

188 1430 303 1508 legum,
325 1447 415 1508 quam
434 1447 525 1507 saepe
539 1435 754 1507 perrumpunt,
775 1427 826 1488 sed
842 1426 938 1505 ipsius
956 1426 1165 1507 turpitudinis,
1186 1445 1262 1507 quae

138 1529 170 1580 31
190 1513 379 1577 acerbissima
396 1521 451 1586 est,
466 1530 527 1582 non
544 1512 657 1573 vident.
688 1512 784 1584 Quam
800 1511 838 1571 ob
854 1529 920 1578 rem
935 1511 993 1577 hoc
1008 1512 1128 1590 quidem
1146 1511 1263 1574 delibe-

189 1599 323 1662 rantium
338 1616 431 1676 genus
446 1597 605 1678 pellature
625 1597 724 1660 medio
739 1631 782 1642 -·
797 1604 844 1658 est
862 1596 943 1658 enirn
963 1603 1061 1660 totum
1082 1597 1262 1660 sceleratum
1283 1605 1313 1656 15

191 1684 358 1765 olimpium
369 1717 420 1757 --,
434 1683 485 1762 qui
497 1682 662 1746 deliberant
672 1690 776 1744 utrum
786 1680 817 1742 id
829 1688 995 1761 sequantur
1005 1682 1084 1762 quod
1096 1683 1261 1748 honestum

190 1789 256 1832 esse
273 1769 403 1839 videant,
424 1786 461 1832 an
476 1788 509 1830 se
523 1768 653 1830 scientes
669 1768 781 1836 scelere
799 1767 1022 1830 contaminent:
1042 1767 1074 1830 in
1092 1767 1156 1847 ipsa
1177 1769 1261 1829 enirn

190 1853 375 1918 dubitatione
386 1853 501 1918 lacinus
511 1853 602 1924 inest,
614 1853 702 1920 etiam
714 1853 739 1917 si
752 1851 788 1914 ad
798 1852 828 1912 id
841 1870 902 1913 non
914 1851 1114 1931 pervenerint.
1136 1852 1215 1932 Ergo
1227 1872 1262 1914 ea

117 1966 121 1974 ·
191 1938 379 2004 deliberanda
388 1939 514 2003 omnino
523 1936 831 2017 consuntinquibus
842 1937 1062 2017 estturpisipsa
1074 1936 1259 2002 deliberatio.

275 2025 373 2105 Atque
380 2024 468 2087 etiarn
482 2043 516 2088 ex
529 2023 613 2090 omui
622 2022 834 2088 deliberatione
845 2022 960 2085 celandi
970 2031 1000 2084 et
1010 2023 1176 2090 occultandi
1189 2043 1261 2103 spes
1279 2033 1312 2086 20
1387 2065 1388 2128 p

190 2110 354 2190 opinioque
368 2109 549 2174 removenda
564 2115 626 2182 est3
646 2107 717 2176 sedo
732 2108 814 2173 enim
832 2107 934 2182 nobis,
954 2107 981 2168 si
1000 2106 1090 2175 modo
1110 2109 1143 2172 in
1162 2109 1262 2188 pbilo-

123 2253 131 2270 ⁵
186 2279 283 2330 handen
315 2293 362 2330 nur
391 2277 475 2342 wenis
497 2278 694 2330 untersebeidat.
749 2278 912 2398 {Illabendie
925 2279 964 2330 eie
982 2279 1187 2346 durcbbrecben3
1207 2283 1260 2346 vgl.

186 2345 215 2398 ln
227 2346 317 2396 beiden
329 2345 394 2397 wlrd
408 2345 695 2398 etwa'onbewiesenes
775 2362 825 2397 err.
838 2345 848 2396 1
861 2347 886 2410 5,
900 2346 932 2399 13
953 2349 1107 2414 confringat
1128 2351 1177 2399 iste
1197 2365 1259 2402 eone

187 2415 227 2466 tls
238 2411 439 2477 Grundlagedes
450 2415 695 2479 lleweisessesetzt.
749 2417 777 2464 oi
785 2431 835 2465 aua
850 2416 956 2466 constitu
972 2419 1111 2480 sandeia,
1133 2422 1261 2480 quaeruu-

222 2483 248 2534 3.
276 2497 377 2534 exure
403 2486 453 2546 est,
477 2482 545 2550 quod
561 2485 696 2536 donatum
749 2499 794 2532 nes
812 2485 925 2535 monium
946 2489 1108 2552 perronepat,
1125 2485 1208 2536 evolet
1226 2503 1261 2537 are

188 2559 237 2603 eet
268 2550 392 2602 Derselbe
403 2551 575 2618 syllogismus
592 2552 643 2602 wie
664 2553 695 2602 do
749 2551 834 2602 vestm
845 2555 984 2604 severitate.
1003 2553 1260 2618 crotpert.32,112

187 2619 230 2670 lln.
242 2617 274 2672 lll
287 2619 312 2682 8,
324 2617 355 2670 it
375 2619 441 2685 qood
456 2623 495 2672 eet
507 2621 610 2684 bonum,
623 2635 696 2670 mnne
749 2618 889 2684 depellendi
902 2622 1017 2672 mute
1029 2617 1067 2672 eat
1073 2623 1262 2690 perrmnpendt'

187 2685 314 2740 laudabile
323 2690 375 2752 ert,
391 2685 459 2752 quud
472 2685 697 2740 metiendae&
747 2686 868 2754 peremti.

186 2759 234 2818 eat,
247 2770 319 2808 omne
334 2755 633 2818 artdoeertunebonmn
644 2757 696 2820 igi·
782 2756 866 2822 ipsios
889 2753 1072 2824 turpitudinis,
1098 2771 1163 2822 quae
1188 2773 1260 2808 ocer-

187 2819 312 2888 turouod
327 2825 374 2886 eat,
395 2823 528 2874 locutum
546 2827 591 2874 ert.
625 2823 695 2874 Aban
750 2823 856 2874 bicatum
873 2827 917 2874 ast.
954 2823 990 2876 Es
1007 2823 1044 2876 ist
1057 2821 1098 2874 ein
1110 2824 1260 2892 biubgvon

187 2890 325 2954 dornone
338 2889 647 2957 Zusaukonnteleblen,
663 2889 695 2940 da
750 2890 799 2942 den
828 2890 949 2942 Stoilern
979 2908 994 2942 a
1058 2889 1161 2944 stibrter
1189 2893 1260 2958 Setz,

187 2955 242 3010 Cic.
255 2972 302 3010 aua
315 2958 369 3010 don
381 2956 636 3022 verberationem
645 2959 695 3012 wir
750 2959 826 3022 dees,
849 2959 927 3010 sowie
951 2959 993 3010 die
1041 2962 1123 3024 werd
1147 2974 1179 3010 en
1204 2961 1261 3014 siob

188 3040 235 3077 rur
251 3024 414 3076 Sittlicbleit
433 3027 544 3090 gabei-en
565 3026 633 3092 sind,
653 3043 696 3078 so·
749 3025 895 3092 gliiclselig
917 3029 1016 3092 nuche,
1042 3025 1190 3080 diescente
1215 3030 1260 3080 dee

188 3093 274 3160 gleiob
286 3093 428 3146 subticuero
445 3093 549 3158 locuto
566 3096 626 3147 dass
643 3095 695 3147 wir
749 3096 830 3148 Bdsen
844 3095 1012 3147 unnittelbar
1029 3095 1154 3166 iu'seiner
1165 3096 1259 3149 innern

187 3161 367 3226 inl'crsleieb
378 3161 695 3218 mildensittlicbssuten
748 3162 952 3215 Bescball'enbeit
975 3163 1058 3230 liege,
1082 3166 1132 3215 und
1153 3165 1179 3216 in
1193 3163 1260 3218 Ver·

187 3231 236 3282 den
248 3229 348 3284 Nutaen
362 3231 501 3284 veraebteu
513 3233 625 3286 nissen.
748 3231 835 3296 gleicb
855 3232 900 3281 nit
921 3232 1008 3283 dieser
1028 3231 1070 3283 die
1090 3248 1142 3284 von
1162 3248 1257 3284 aussen

223 3299 246 3352 b.
265 3315 339 3354 error
353 3301 499 3366 tumebam,
514 3303 538 3354 d.
549 3302 567 3352 i.
579 3302 696 3354 doniam
748 3299 895 3352 lonmende
907 3298 993 3352 Sta-ele
1009 3301 1099 3368 εει-113
1119 3301 1165 3354 sei.
1196 3302 1223 3354 S.
1235 3318 1257 3352 z.

188 3372 318 3432 maten
332 3385 354 3419 ι,
367 3367 384 3436 ὅ
395 3367 420 3420 8.
749 3367 765 3433 ἓ
781 3367 837 3420 tut.
850 3367 949 3420 Senecn
961 3384 1001 3436 ep.
1013 3367 1055 3432 87,
1068 3367 1102 3419 24
1119 3371 1192 3436 atque·
1202 3385 1258 3420 ana·

222 3437 247 3488 6.
269 3439 377 3490 md
402 3437 435 3488 ob
455 3437 561 3500 beent,
591 3438 695 3488 sondert
748 3433 1151 3506 oenmsmtermsoppttctwe
1167 3439 1196 3488 in
1216 3441 1258 3506 ip·

186 3504 218 3556 eb
239 3520 291 3556 von
315 3507 361 3557 der
381 3503 496 3570 lisand,
518 3505 629 3557 erlliirtz
651 3505 695 3557 die
749 3506 847 3556 deest.

187 3571 267 3624 Sueba
290 3573 329 3624 sei
352 3587 423 3624 atvar
446 3573 515 3624 nieht
537 3571 695 3638 molen,
786 3574 826 3626 ll.
855 3569 1053 3624 &maun
1073 3571 1257 3636 -ouidelibe-

187 3639 326 3692 aberdeen
338 3640 459 3694 uitalicb
748 3645 819 3693 ml.
842 3639 888 3690 bie
901 3639 1106 3704 ll'iederbolnng
1121 3638 1157 3689 ist
1176 3642 1258 3692 doreb

223 3707 414 3776 lzsolleatber
426 3707 536 3774 cedma,
550 3708 597 3762 nit
606 3709 694 3774 inice·
748 3709 790 3762 die
799 3707 957 3762 ramnes
966 3709 1056 3772 edibig
1063 3709 1193 3774 gennem
1204 3709 1256 3773 vgl.

186 3775 471 3840 risrberllereeltnus.
747 3776 810 3844 §20
822 3773 953 3828 umam
964 3773 1184 3842 duee-tresue.

222 3845 261 3894 tu
290 3861 369 3910 qum
397 3875 419 3884 -
434 3861 539 3912 mnu
646 3844 695 3896 llio
785 3845 824 3899 ts.
842 3841 879 3894 od
889 3843 1003 3896 idninl.
1013 3845 1126 3912 scodrus
1140 3847 1257 3896 comnu't·

184 3909 272 3964 Strele
290 3912 357 3964 wird
375 3913 422 3966 nit
439 3913 512 3966 einer
549 3913 618 3966 esset
635 3929 695 3966 een
748 3913 861 3966 tudun.
