2768 4506
244 211 285 272 4ss
544 205 588 256 nn
607 188 844 256 orrrcuscrcssr.
872 203 943 255 car.
957 206 980 254 ι.
993 205 1018 254 e.

244 363 328 424 diosc
345 360 516 441 exquirunt,
531 360 611 421 unde
627 359 716 420 verba
732 358 793 420 sint
809 358 906 433 ducta,
921 358 1147 438 credamusque,
1165 359 1235 437 quia
1250 358 1316 420 ‘liat'

245 447 326 528 quod
342 446 453 507 dictum
471 453 526 516 est,
541 445 715 524 appellatam
732 444 828 505 fidem.

330 532 390 594 Sed
404 530 568 592 iniustitiae
578 547 687 608 genera
699 529 758 591 duo
770 535 857 590 sunt:
874 546 970 590 uuum
982 545 1096 598 eorum,
1108 527 1160 607 qui
1171 527 1317 596 inierunt,

245 617 370 678 alterum
387 633 501 687 eorum,
517 614 568 694 qui
583 614 620 675 ab
636 614 682 687 iis,
698 614 809 693 quibus
823 612 959 686 infertur,
975 613 1002 674 si
1015 621 1153 692 possunt,
1170 632 1237 675 non
1248 632 1317 692 pro-

244 702 364 780 pulsant
379 701 527 762 iniuriam.
559 699 635 760 Nam
650 699 702 778 qui
717 698 829 760 iniuste
844 698 988 777 impetum
1006 699 1037 758 in
1061 695 1236 777 quempiam
1252 699 1320 760 lacit
1335 709 1346 754 t

246 795 297 848 aut
312 787 355 848 ira
371 794 421 848 aut
436 784 532 865 aliqua
547 783 771 864 perturbatione
785 779 977 858 incitatus,'is
993 784 1077 862 quasi
1093 801 1201 846 manus
1213 784 1319 846 adcrre

247 871 362 933 videtur
377 871 473 934 socio:
490 871 541 949 qui
556 877 655 932 autem
671 887 734 930 uon
750 867 885 930 defendit
899 887 956 930 nec
970 867 1099 940 obsistit,
1109 869 1134 930 si
1149 876 1262 948 potest,
1273 869 1318 928 in·
1369 899 1370 906 ι

247 956 350 1027 iuriae,
366 965 426 1018 tam
442 963 487 1016 est
501 956 533 1018 in
549 955 620 1016 vitio
637 954 762 1034 quamsi
777 961 916 1031 parentes
931 961 984 1016 aut
998 953 1176 1016 amicos'aut
1192 954 1318 1032 patriam

247 1043 374 1104 deserat.

193 1127 226 1179 ²⁴
329 1128 427 1207 Atque
440 1125 504 1186 illae
515 1124 637 1204 quidem
649 1123 786 1193 iniuriae,
799 1141 876 1202 quae
888 1123 1015 1186 nocendi
1026 1140 1114 1184 causa
1126 1122 1162 1184 de
1174 1121 1322 1184 industria
1339 1133 1370 1184 u*

244 1212 425 1283 inferuntur,
438 1229 527 1288 saepe
539 1229 554 1272 a
567 1218 651 1270 metu
662 1208 904 1288 proficiscuntur,
919 1227 988 1270 oum
999 1209 1033 1280 is,
1045 1207 1097 1287 qui
1111 1224 1224 1268 nocere
1236 1206 1320 1268 alteri

245 1297 361 1375 cogitat,
377 1297 464 1356 timet
475 1294 588 1367 nc,nisi
603 1295 632 1355 id
649 1294 763 1366 iecerit,
775 1294 839 1373 ipse
851 1293 949 1372 aliquo
961 1292 1107 1354 allicimur
1118 1293 1320 1354 incommodo.

243 1381 399 1444 Maximam
416 1388 515 1440 autem
530 1386 645 1458 partem
660 1379 697 1440 ad
712 1379 853 1442 iniuriam
866 1378 1031 1440 faciendam
1046 1377 1276 1455 adgrediuntur,
1290 1387 1321 1436 ut

244 1465 447 1544 adipiscantur
461 1483 504 1533 ea,
520 1483 596 1542 quoe
611 1465 860 1542 concupiverunt:
876 1463 909 1524 in
923 1483 984 1543 quo
995 1462 1066 1524 vitio
1081 1461 1225 1524 latissime
1242 1470 1321 1542 patet

211 1551 230 1605 8
246 1550 376 1612 avaritia.
398 1549 589 1628 Expetuntur
604 1556 706 1610 autem
722 1548 840 1612 divitiae
856 1567 924 1611 cum
939 1549 977 1609 ad
992 1565 1065 1610 usus
1080 1548 1157 1608 vitae
1180 1565 1323 1609 necessa·
1339 1558 1358 1607 u

194 1644 228 1695 25
246 1635 307 1696 rios
323 1641 388 1695 tum
405 1634 440 1695 ad
456 1634 653 1714 perfruendas
668 1635 843 1713 voluptates.
866 1634 900 1694 ln
916 1633 1024 1713 quihus
1039 1642 1140 1694 autern
1155 1631 1254 1694 maior
1278 1639 1321 1693 est

246 1719 373 1790 animus,
385 1719 465 1781 iniis
477 1720 622 1800 pecuniae
633 1719 779 1800 cupiditas
791 1727 905 1798 spectat
917 1720 952 1780 ad
965 1735 1037 1798 opes
1049 1726 1078 1778 et
1089 1720 1125 1780 ad
1133 1717 1321 1796 gratificandi

245 1803 423 1877 facultatem,
439 1811 473 1865 ut
488 1823 585 1884 nuper
596 1805 634 1865 Μ.
648 1803 770 1866 Crassus
783 1804 907 1882 negabat
919 1803 1009 1865 ullam
1029 1802 1100 1866 satis
1113 1820 1254 1880 magnam
1270 1822 1321 1882 pe·

247 1889 364 1951 cuniam
381 1909 446 1952 esse
462 1890 497 1963 ei,
513 1890 608 1968 quiin
623 1909 657 1950 re
671 1889 790 1968 publica
801 1889 941 1968 princeps
953 1889 1041 1950 vellet
1053 1906 1128 1960 esse,
1141 1887 1225 1949 cuius
1237 1891 1320 1949 fruc-

245 1975 326 2037 tibus
343 1974 506 2036 exeroitum
522 1976 600 2036 alere
615 1991 677 2034 non
692 1982 804 2053 posset.
831 1973 984 2035 Delectant
999 1973 1087 2034 etiam
1104 1972 1255 2050 magnifici
1271 1991 1321 2052 ap·
1338 1985 1358 2032 to

247 2067 368 2140 paratus
388 2059 524 2138 vitaeque
546 2059 642 2120 cultus
664 2077 732 2119 cunr
755 2058 898 2136 elegantia
919 2067 949 2120 et
970 2058 1070 2138 copia:
1093 2057 1201 2138 quibus
1226 2058 1320 2119 rebus

245 2302 385 2354 enodandis
407 2307 494 2354 autem
521 2305 667 2354 uerticibus
693 2301 759 2368 quod
813 2299 1005 2353 Gemeinschelt
1026 2300 1147 2363 (cometas
1168 2303 1319 2351 dumanas.

246 2371 421 2423 miserandum
444 2375 481 2422 sit
504 2371 640 2424 laboratis:
665 2370 757 2422 Satur-

247 2457 306 2505 nus,
325 2443 384 2506 quit
395 2457 423 2490 se
434 2445 536 2492 saturat
547 2443 631 2504 annu,
644 2439 756 2502 Mavors,

247 2513 309 2576 quia
320 2525 419 2575 magno
431 2513 508 2561 vortit
521 2517 569 2560 cet.
599 2510 672 2560 Auch
684 2509 755 2559 diese

247 2578 409 2646 Etymologic
433 2594 483 2628 von
506 2577 570 2642 fides
592 2577 688 2628 konnte
706 2577 755 2626 den

246 2655 388 2708 genannten
409 2644 538 2708 beigel'dgt
557 2646 669 2694 worden.
700 2644 752 2694 Cic.

247 2713 326 2765 findet
345 2714 383 2765 sie
407 2713 489 2765 selbst
511 2721 591 2763 etwas
617 2713 754 2776 castissig,

246 2780 340 2833 duriam
356 2782 420 2844 (vgl.
433 2780 500 2830 Tusc
523 2778 554 2830 111
567 2779 590 2842 8,
603 2781 634 2830 18
646 2785 694 2830 etro
706 2783 756 2832 erit

246 2849 292 2900 ltoc
302 2853 421 2917 sortasse
437 2848 552 2910 dunos),
571 2849 703 2900 erwilrnte
716 2849 755 2898 sie

246 2917 308 2968 eber
324 2920 388 2970 auch
404 2919 431 2968 in
449 2916 482 2967 lV
500 2916 531 2966 de
548 2931 576 2966 re
593 2933 615 2982 p.
630 2917 672 2968 bei
688 2916 753 2968 Non.

246 3001 268 3050 p·
282 2986 323 3104 ἐξ.
349 3058 396 3104 out
431 3053 520 3118 aliqua
556 3054 756 3120 perturbatione,

246 3125 326 3174 durch
342 3122 433 3186 irgend
451 3123 547 3174 welche
565 3121 753 3172 Leidenschslt.

245 3191 299 3242 Fiir
317 3192 461 3272 alius-puis
478 3193 546 3242 steht
563 3190 756 3272 alipuiepicltt,

246 3257 755 3393 {triturantebruttium

246 3395 406 3516 mitit:
417 3395 622 3517 113111ἒῆ1ἷὲ
630 3393 755 3513 bdellii}

246 3465 302 3649 dell}
315 3503 362 3585 aut
375 3503 465 3617 amore
483 3537 528 3585 out
539 3500 755 3614 dupiddote—aut

246 3605 756 3732 “ttttttttttttttttna

247 3735 308 3786 Satz
320 3752 414 3788 mortus
425 3739 531 3805 adferre
542 3741 616 3788 rocio.
643 3735 707 3788 Wer
719 3736 757 3787 ir·

247 3802 312 3867 gend
325 3803 405 3856 einen
418 3805 555 3856 Menschen
566 3805 680 3857 Ucreclut
691 3805 757 3870 thot,

248 3871 758 3944 verletztdeslleclrtdermensehlichen

265 4299 734 4457 A

811 2369 827 2435 §
840 2370 891 2436 511),
907 2387 938 2422 ιι
951 2370 996 2420 der
1008 2369 1060 2420 alle
1071 2368 1146 2419 Theil
1157 2369 1251 2422 haben.

847 2439 886 2489 14.
899 2441 926 2488 in
936 2439 1059 2503 percutite,
1069 2437 1092 2487 d.
1103 2435 1119 2486 i.
1130 2437 1187 2489 dem
1194 2436 1319 2489 Uarecht-

810 2507 886 2569 thun,
911 2522 953 2557 cnr
966 2513 1044 2558 etwas
1062 2521 1094 2555 zu
1110 2507 1250 2568 erlangen3
1270 2507 1320 2556 ihm
1368 2553 1369 2558 ,

809 2573 874 2624 kann
884 2589 974 2626 ausser
984 2574 1030 2625 der
1038 2573 1169 2624 Habsucht
1177 2574 1243 2624 auch
1252 2574 1320 2626 Nou

810 2644 872 2693 oder
881 2644 989 2695 anderes
1002 2659 1034 2692 ιιι
1047 2640 1151 2693 Grnnde
1164 2641 1261 2705 liegen.

846 2715 885 2763 tt.
906 2726 976 2779 oper:
989 2711 1023 2761 im
1036 2709 1182 2774 Gegensatz
1193 2725 1227 2759 zu
1237 2725 1321 2777 pecu-

808 2781 863 2844 nia,
881 2780 936 2831 dem
946 2779 1095 2843 Verm'o'gen,
1106 2777 1267 2838 Geldbesitz,
1279 2777 1321 2827 be·

810 2849 926 2899 zciclrnet
947 2863 1007 2916 opes
1024 2848 1111 2898 Macht
1128 2848 1178 2897 und
1196 2845 1321 2906 Einlluss,

809 2917 931 2967 wiihrend
943 2932 971 2966 es
989 2922 1061 2966 sonst
1077 2915 1162 2979 hiiulig
1179 2916 1227 2965 den
1241 2914 1321 2966 Geld-

810 2985 894 3034 besitz
906 2985 953 3035 mit
966 2983 1136 3035 cinschliesst

847 3053 886 3105 18.
908 3051 944 3104 Μ.
955 3051 1070 3104 Licinius
1083 3051 1192 3103 crassa
1204 3051 1251 3102 mit
1265 3051 1322 3100 dem

809 3121 943 3172 Boinanen
960 3120 1041 3185 dioec,
1060 3121 1106 3172 der
1117 3119 1260 3181 Triumvir,
1280 3119 1322 3168 fiel

810 3189 858 3240 tot
881 3189 932 3250 tte)
955 3204 1035 3253 gagen
1060 3189 1101 3239 die
1121 3187 1238 3251 Parthen,
1266 3189 1322 3238 elsc

812 3258 843 3308 to
855 3257 932 3307 Jahre
946 3257 1027 3309 bever
1041 3257 1092 3308 Cic.
1110 3256 1195 3307 dieses
1211 3255 1323 3317 schrielr,

810 3325 908 3376 Plinius
931 3333 983 3377 net.
1005 3326 1067 3377 hist.
1089 3321 1203 3375 xxxlu
1223 3325 1268 3385 tc,
1289 3325 1320 3374 41

812 3394 923 3445 Crassus
949 3395 1059 3460 negabat
1086 3392 1235 3460 locupletem
1257 3407 1321 3448 esse,

809 3464 860 3512 nisi
887 3464 933 3526 qui
963 3462 1049 3513 reditu
1078 3477 1164 3512 annuo
1193 3459 1322 3528 legionem

809 3531 880 3580 tucri
893 3535 986 3597 posset.
1022 3530 1052 3580 Ιιι
1076 3532 1152 3596 agris
1174 3532 1322 3580 serenum

809 3596 843 3649 M.
857 3595 891 3648 M.
902 3597 1024 3665 possedit.
1036 3598 1125 3662 Vergl.
1137 3597 1229 3648 Persd.
1243 3599 1267 3661 6,
1280 3599 1321 3648 45.

845 3665 885 3716 20.
920 3672 1074 3734 apparatus,
1096 3666 1229 3733 priichtige
1253 3671 1320 3717 Aus-

811 3741 938 3799 stattung,
950 3735 1002 3798 vgl.
1014 3737 1152 3803 apparatio
1165 3731 1185 3784 ll
1197 3733 1214 3799 ξ
1225 3735 1268 3786 56.

847 3803 888 3856 21.
911 3818 973 3854 cum
985 3803 1181 3872 eleg-meopte,
1200 3804 1223 3852 d.
1238 3803 1256 3852 i.
1269 3803 1319 3853 eie·

809 3887 880 3940 gcrte
898 3877 923 3923 et
941 3874 1063 3941 copiosus.
1100 3872 1133 3922 So
1151 3871 1262 3922 vertritt
1279 3871 1319 3921 ein
