2768 4506
386 261 430 312 llll
443 260 579 314 eculeus
592 261 651 314 ΗΒ.
664 263 683 314 1.
711 261 782 315 Clll’.
800 266 838 317 ld.
854 267 894 319 11.
1137 269 1173 330 51

96 417 148 488 sit,
164 417 202 478 ab
217 415 318 476 ellicio
333 415 475 488 discedat,
491 416 517 477 si
532 435 565 477 se
580 416 758 478 destitutum
774 427 928 496 queratur.
958 421 1019 481 lam
1035 419 1092 480 illis
1107 438 1178 500 pre-

97 500 200 562 missis
216 501 359 562 standum
374 517 436 562 nen
450 519 516 562 esse
527 500 595 580 quis
606 519 670 562 nen
683 501 770 573 ridet,
783 521 860 582 quae
872 511 994 567 coactus
1005 505 1073 583 quis
1085 515 1177 576 metu,

97 605 177 665 quae
192 585 336 664 deceptus
349 585 417 646 delo
429 583 622 663 promiserit?
638 587 720 659 Quae
731 586 851 666 quidem
862 590 1003 669 pleraque
1014 588 1080 651 iure
1092 608 1178 670 prae-

99 671 181 732 terie
196 669 372 742 liberantur,
385 689 449 732 nen
463 671 544 733 nulla
560 671 683 749 legibus.
1107 668 1114 694 ⁸

57 769 75 816 5
184 754 328 816 Existunt
343 755 432 816 etiam
455 773 544 834 saepe
570 755 698 817 iniuriae
718 757 866 818 columnia
888 758 1015 838 quadam
1038 767 1068 820 et
1087 759 1177 820 nimis
1200 773 1233 824 ³2

97 839 203 902 callida
221 840 306 916 [,sed
322 839 478 916 malitiosa]
494 839 567 902 iuris
582 840 840 920 interpretatione.
864 843 907 904 lix
923 862 983 922 que
995 844 1067 906 illud
1084 845 1178 906 ‘suur-

100 943 189 986 mum
206 923 255 986 ius
270 943 389 986 summa
404 923 522 986 iniuria'
533 928 645 986 factum
660 932 706 986 est
717 925 775 987 nm
787 926 893 988 tritum
904 945 1044 990 sermone
1055 947 1179 1008 prever-

97 1009 194 1072 bium.
220 1009 287 1082 Quo
299 1009 330 1071 in
342 1027 450 1086 genere
466 1010 556 1070 etiam
567 1009 599 1070 in
610 1028 643 1070 re
655 1011 774 1089 publiea
785 1012 878 1074 multa
890 1021 1062 1091 peccantur,
1073 1023 1107 1076 ut
1118 1013 1176 1084 ille,

98 1094 164 1173 qui,
181 1111 251 1154 cum
266 1093 388 1172 triginta
404 1094 519 1155 dierum
534 1101 637 1156 essent
649 1113 717 1157 eum
731 1097 815 1156 hoste
827 1096 960 1159 indutiae
971 1101 1074 1167 laetae,
1087 1108 1179 1160 noctu

46 1198 78 1248 ιο
99 1179 306 1260 populabatur
321 1196 416 1258 agros,
432 1178 510 1256 quod
529 1179 647 1240 dierum
664 1188 766 1241 essent
780 1189 890 1259 pactae.
906 1199 969 1244 non
983 1183 1115 1244 noctium
1131 1184 1178 1246 in·

100 1263 213 1324 dutiae.
244 1263 289 1325 Ne
306 1272 410 1325 nester
425 1263 546 1342 quidem
562 1264 750 1342 probandus,
772 1265 917 1328 siverunt
938 1275 983 1328 est
1005 1268 1038 1340 0.
1053 1267 1178 1330 Fabium

101 1347 278 1410 Labeonem
294 1367 348 1410 seu
364 1366 455 1427 quem
467 1347 558 1410 alium
570 1383 612 1392 -—
625 1350 699 1410 nibil
715 1349 796 1410 enim
807 1350 904 1413 habeo
916 1362 1034 1431 praeter
1045 1352 1178 1414 auditum

100 1469 144 1480 -
161 1431 307 1494 arbitrum
324 1433 447 1495 Nolanis
463 1440 493 1494 et
507 1433 709 1512 Neapolitanis
726 1435 762 1496 de
777 1435 889 1499 linibus
910 1457 925 1498 a
941 1446 1047 1499 senatu
1067 1436 1178 1508 datum,

101 1536 173 1580 cum
190 1515 225 1578 ad
241 1519 343 1579 lecum
360 1518 497 1588 venisset,
513 1536 580 1580 cnm
597 1519 732 1598 utrisque
747 1522 904 1599 separatim
919 1522 1063 1594 locutum,
1076 1539 1114 1583 ne
1126 1542 1179 1583 cu-

47 1619 82 1669 15
102 1603 174 1684 pide
186 1603 258 1680 quid
270 1610 402 1681 agerent.
417 1618 457 1662 ne
468 1611 652 1682 appetenter,
664 1613 755 1684 atque
766 1613 800 1665 ut
811 1607 927 1684 regredi
940 1625 1029 1685 quam
1040 1609 1180 1686 progredi

100 1687 236 1748 mellent.
267 1687 299 1748 ld
316 1705 384 1748 cum
401 1687 520 1767 utrique
536 1689 686 1759 iecissent,
702 1689 887 1769 aliquantum
900 1692 961 1768 agri
973 1692 1003 1752 in
1020 1693 1117 1752 medie
1129 1711 1178 1752 re-

98 1772 208 1833 lietum
226 1781 281 1833 est.
304 1773 407 1851 ltaque
422 1771 542 1834 illorum
558 1773 631 1834 fines
647 1775 698 1843 sic,
714 1781 747 1834 ut
758 1775 814 1853 ipsi
827 1774 973 1847 dixerant,
988 1777 1178 1838 terminavit:

98 1857 135 1918 in
151 1857 254 1918 medio
268 1857 405 1918 relietum
420 1857 501 1936 qued
518 1866 592 1930 erat,
607 1860 718 1938 populo
734 1859 871 1921 Romano
882 1861 1070 1923 adiudicavit.
1092 1862 1179 1923 lleci-

99 1961 175 2022 pere
190 1941 248 2003 hee
263 1941 386 2021 quidem
401 1950 454 2015 est,
471 1961 533 2016 nou
548 1943 687 2006 iudicare.
711 1945 858 2018 Quocirca
874 1945 906 2005 in
922 1947 1004 2006 omni
1020 1955 1067 2008 est
1080 1963 1113 2006 re
1128 1948 1178 2006 fu-

43 2041 78 2090 20
99 2026 211 2106 giende
227 2026 293 2088 talis
307 2027 446 2088 sollertia.

190 2111 268 2172 Sunt
283 2119 384 2173 autem
400 2111 546 2192 quaedam
563 2112 662 2174 ellieia
675 2113 765 2175 etiam
782 2115 925 2176 adversus
937 2133 987 2177 eos
999 2114 1180 2186 servandae
1198 2117 1229 2174 ll

137 2285 163 2335 3.
201 2283 272 2346 Quae
290 2313 313 2322 —
330 2283 488 2346 liberantur,
511 2285 615 2335 werden
669 2283 822 2337 Acholiehes
835 2284 952 2351 Ephorus
974 2285 1016 2336 bei
1029 2286 1121 2337 Strabo
1143 2285 1180 2336 lx

100 2350 278 2415 ausgehouen,
298 2350 435 2413 cigentlieh
453 2352 617 2418 aqmloslt-
672 2370 697 2418 p.
721 2353 771 2404 402
789 2369 839 2404 ven
858 2354 906 2403 den
927 2351 1070 2418 Thrakern,
1093 2355 1181 2406 weber

99 2423 239 2482 heremum
263 2418 312 2484 ll§
329 2419 362 2470 68
376 2418 406 2469 id
415 2418 484 2485 qued
494 2419 617 2470 violatum
670 2421 712 2470 dic
721 2418 866 2471 lledcnsart
875 2422 922 2471 der
934 2419 1061 2472 Griecheu
1075 2423 1179 2490 Θρᾳκία

99 2492 150 2553 ert,
164 2505 189 2538 u.
202 2503 225 2536 z.
238 2486 269 2538 lll
281 2486 298 2552 ξ
310 2487 336 2536 3.
670 2481 836 2556 παρεῦρεσις
847 2489 999 2538 entstanden
1012 2489 1066 2538 sein
1080 2489 1139 2538 soll.

138 2558 166 2609 4.
199 2558 259 2606 iure
281 2557 422 2622 praetorio.
452 2554 500 2605 uie
531 2553 617 2606 edicta
706 2559 747 2608 11.
761 2553 1009 2622 Nenerterqnidem
1021 2558 1181 2620 -‚eieerum

97 2625 262 2695 praetorum,
278 2623 362 2673 werin
375 2622 451 2687 jeder
469 2622 616 2674 Priterbci
670 2628 708 2674 eet
742 2623 769 2694 Q.
795 2622 903 2676 ratum
936 2621 1083 2674 Labeonem.
1129 2623 1181 2674 llcr

101 2691 209 2744 Antritt
230 2691 313 2742 scires
334 2692 421 2741 untes
446 2691 487 2741 die
514 2689 633 2762 Grund·
671 2692 763 2742 aweite
787 2692 864 2744 Thcil
887 2693 932 2743 des
955 2693 1123 2758 llaupteetzes
1145 2692 1180 2742 ist

102 2762 178 2814 surse
203 2760 351 2824 emspreeh,
386 2759 484 2809 welche
517 2773 546 2808 er
574 2759 617 2808 bei
671 2760 752 2811 durch
775 2760 833 2812 eine
856 2759 1028 2812 Aneioluthie
1057 2775 1106 2810 ven
1126 2761 1181 2810 dem

101 2831 151 2880 der
163 2826 335 2889 Verwaltuug
347 2827 480 2877 desselben
498 2825 617 2891 belolgen
671 2829 863 2894 parenthetiseh
875 2829 1092 2893 eingeschobeuen
1105 2831 1131 2878 si
1141 2844 1180 2878 ee-

102 2895 206 2957 wellte‚
227 2909 314 2946 waren
333 2893 374 2944 die
392 2894 485 2959 Quelle
508 2895 553 2944 dee
576 2897 618 2944 ires
672 2913 732 2948 mm
744 2902 782 2947 est
794 2897 920 2961 alhhugig
931 2898 1055 2961 gemacht.
1073 2896 1180 2960 liigeet-

101 2965 280 3033 praetorium,
309 2963 354 3014 das
381 2963 438 3012 eine
464 2962 618 3026 Ergiinzung
672 2965 826 3015 lichwelltc
840 2966 892 3016 Cic.
912 2963 1055 3016 lor-tlnhren
1070 2966 1181 3031 proden-

102 3032 157 3083 und
170 3030 367 3094 Verbessernng
380 3031 425 3080 der
438 3027 557 3091 Gesetze,
574 3046 618 3081 na·
671 3032 721 3084 dus
740 3037 780 3082 eet
800 3031 898 3096 Lubeo;
922 3049 943 3084 s.
964 3049 987 3082 z.
1005 3031 1065 3096 §22
1078 3049 1113 3082 osc
1124 3047 1181 3097 que.

103 3098 229 3152 mentlieh
250 3114 307 3149 vem
320 3098 496 3164 Stendpunhte
514 3100 560 3149 der
571 3115 617 3148 na·
671 3100 766 3162 Labeo,
779 3101 875 3150 Consul
887 3102 934 3152 b'll
943 3101 1024 3164 (183),
1037 3101 1180 3150 wirdssrut.

107 3166 239 3219 tiirlieheu
252 3166 385 3230 billigkeit
396 3179 451 3228 ans,
466 3166 570 3216 bildete.
583 3191 618 3203 -
672 3167 714 3230 21,
728 3168 759 3219 81
773 3169 839 3216 ench
852 3169 892 3218 als
905 3169 1006 3218 lledner
1017 3175 1135 3230 genennt.

103 3237 217 3286 liberare
227 3233 396 3286 =rereindare
407 3234 457 3284 wie
469 3234 496 3285 in
509 3233 618 3284 oesidio-
708 3235 748 3286 19.
768 3234 892 3296 Quocirca
907 3236 975 3286 zieht
995 3237 1072 3286 hcine
1089 3235 1181 3298 Felge·

105 3318 169 3354 nam
181 3301 297 3353 tumre.
671 3318 737 3366 rung
749 3317 794 3352 ens
819 3303 875 3352 dem
892 3303 1179 3365 letztvorhergehenden

141 3369 244 3435 legibm
265 3398 298 3406 -
318 3370 369 3420 wie
391 3369 471 3420 durch
491 3369 532 3420 die
555 3367 618 3434 lug
672 3370 755 3434 Setae,
774 3372 884 3421 rendern
905 3370 970 3420 lasst
988 3370 1037 3421 das
1053 3369 1181 3430 Resonet,

104 3439 138 3492 dl
153 3437 494 3488 erwiihntelearl’leetorta.
672 3439 718 3488 das
740 3454 787 3489 aus
809 3440 864 3488 dem
887 3438 1020 3502 ¹Beispiele
1040 3451 1180 3500 gewennen

142 3508 167 3556 5.
179 3505 311 3556 calumnia
325 3506 392 3556 wird
412 3507 492 3556 durch
504 3505 551 3554 den
567 3503 618 3554 Ze·
672 3507 909 3569 wird,zusammen.
950 3505 1039 3569 lliiulig
1063 3504 1128 3554 wird
1153 3507 1180 3556 in

105 3581 165 3626 satz
181 3574 228 3624 mit
248 3578 274 3624 et
290 3573 399 3624 erkliirt.
429 3573 487 3636 Vgl.
510 3573 555 3624 des
574 3589 618 3622 ex·
672 3574 769 3638 diesem
781 3573 1124 3640 Fellequare‚quemelrem
1137 3590 1181 3639 gc·

106 3642 233 3708 pliestive
246 3640 321 3706 que§
335 3641 374 3693 12.
672 3641 788 3692 braucht.
808 3642 917 3709 Seyffert
930 3642 1009 3693 schel.
1028 3641 1074 3693 lat
1088 3641 1098 3692 l
1111 3642 1127 3708 ξ
1140 3645 1181 3693 39.

144 3709 169 3759 8.
191 3708 247 3759 ille:
263 3709 385 3760 Plutarch
400 3708 617 3775 apophth.Laeen.
708 3711 748 3760 21.
768 3709 936 3760 Suntautem.
951 3710 998 3760 uie
1010 3711 1181 3774 bestimmung

107 3795 132 3843 p.
156 3777 208 3826 223
233 3777 334 3828 erziihlt
359 3793 411 3828 ven
434 3776 489 3827 dem
506 3784 618 3842 spartan.
674 3779 720 3828 der
732 3779 842 3830 zweiten
855 3777 955 3842 Pilieht,
969 3781 1064 3830 welche
1076 3779 1118 3830 die
1130 3775 1183 3829 Ge·

108 3843 210 3908 lidnige
223 3841 386 3909 lileemenes,
398 3846 457 3895 dass
470 3859 499 3894 er
511 3843 557 3895 aul
567 3845 619 3895 sel·
674 3847 829 3910 reehtigkeit
849 3846 948 3910 suilegt
972 3845 1000 3914 (ᾖ
1014 3848 1046 3897 20
1057 3852 1085 3898 ut
1097 3863 1128 3897 nc
1140 3849 1183 3895 rui

109 3913 261 3964 cheWeise
290 3913 333 3964 die
351 3914 465 3977 Argiver
493 3913 618 3965 tiusehte.
674 3917 827 3980 qrtbaoceet
844 3918 897 3966 ariri
919 3915 1179 3972 lacedemoniam),

933 4001 967 4052 4*
