2800 4506
208 239 270 302 232
506 234 550 288 DE
564 235 702 288 oremus
713 235 773 288 le.
786 234 827 288 ΠΙ.
847 235 920 287 CAP.
933 235 974 286 26.

156 400 197 458 bt
296 393 374 455 Utile
390 391 547 454 videbatur
562 391 647 463 Ulixi,
665 398 698 452 ut
712 391 834 470 quidem
849 397 954 470 poetae
967 391 1070 469 tragici
1084 391 1283 471 prodiderunt

157 493 192 544 tlt
211 515 252 526 -·-
268 497 336 541 nam
351 478 430 556 apud
445 477 611 537 Homerum
626 483 784 555 optumum
800 485 952 538 auctorem
966 477 1032 538 talis
1049 477 1086 538 de
1102 477 1186 539 Ulixe
1202 478 1285 538 nulla

210 564 335 643 suspitio
351 571 396 624 est
410 597 462 635 —‚
478 562 531 622 sed
548 561 724 622 insimulant
737 580 807 623 eum
819 563 988 641 tragoediae
999 561 1191 624 simulatione
1201 563 1286 624 insa-

211 649 276 712 niae
292 648 426 710 militiam
443 647 650 725 subterfugere
666 647 804 708 voluisse.
841 647 910 708 Non
929 649 1092 708 honestum
1112 648 1285 709 consilium.

211 735 259 795 ‘m
272 733 344 794 utile
352 732 368 806 ,²
385 735 428 810 [ut
443 733 549 812 aliquis
565 733 692 794 tortasse
707 730 841 813 disent]
858 738 993 811 ‘regnare
1008 739 1038 794 et
1052 733 1171 795 Ithacae
1187 733 1288 794 virere
1308 751 1321 800 5

211 819 305 880 otioso
321 837 391 880 oum
406 817 588 898 parentibus,
605 835 673 880 cum
689 835 791 890 uxore,
808 836 877 878 cum
892 817 963 878 filio.
990 817 1090 880 Ullum
1102 830 1135 879 tu
1148 818 1242 880 decus
1254 819 1287 878 iu

210 903 367 966 cotidianis
382 902 534 965 laboribus
551 909 581 963 et
596 902 734 981 periculis
749 920 819 963 cum
831 903 886 965 bac
899 903 1112 984 tranquillitate
1124 904 1289 966 conferen-

213 989 286 1051 dum
305 985 426 1068 putas?'
463 989 524 1066 Ego
551 1005 620 1050 voro
645 987 732 1048 istam
760 989 1010 1050 contemnendam
1031 996 1061 1049 et
1086 989 1288 1062 abiciendam,

213 1075 354 1154 quoniam
376 1093 450 1153 quae
470 1073 597 1136 honesta
617 1090 680 1134 non
701 1073 740 1133 sit
754 1089 793 1134 ne
808 1073 912 1134 utilem
928 1074 1049 1152 quidem
1064 1092 1132 1135 esse
1146 1075 1287 1136 arbitror.

161 1169 193 1220 98
212 1159 291 1232 Quid
306 1159 388 1221 enim
405 1158 577 1220 auditurum
592 1165 680 1237 putas
694 1158 787 1220 luisse
802 1159 928 1232 Ulixem,
944 1159 968 1220 si
983 1159 1016 1220 in
1031 1159 1078 1220 illa
1094 1160 1289 1222 simulatione
1309 1179 1335 1230 ιι

211 1241 481 1324 perseverarisset‘l
505 1244 556 1323 qui
572 1262 639 1304 oum
657 1244 802 1305 maximas
817 1262 866 1306 res
881 1244 1007 1322 gesserit
1021 1244 1053 1305 in
1067 1243 1161 1319 hello,
1181 1255 1286 1308 tamen

211 1330 285 1391 haec
299 1330 398 1394 audiat
413 1329 450 1391 ab
465 1329 569 1389 Aiace:

315 1415 404 1476 Cotus
418 1419 476 1494 lpse
488 1417 621 1493 prmcepa
635 1414 843 1474 iurisiurandi
856 1414 923 1493 luit,

313 1498 398 1570 Quod
412 1502 510 1558 omnes
524 1501 607 1570 scitia,
622 1496 700 1560 ottus
714 1499 839 1578 neglectt
852 1497 946 1578 fidem,

252 1635 260 1644 .
311 1582 419 1644 Furere
434 1581 620 1653 ddotmolore,
635 1584 671 1643 od
686 1587 781 1655 coiret,
796 1587 907 1644 institit.
1305 1599 1331 1648 15

313 1666 397 1739 Quod
412 1672 445 1728 aa·
457 1667 609 1730 Palamedi
617 1668 773 1747 phenicen
784 1670 943 1748 prudentio

247 1862 270 1912 1.
297 1857 364 1912 Utile
386 1859 533 1912 videbatur:
556 1859 596 1909 ain
615 1858 719 1908 Anako-
773 1859 838 1908 ltisat
861 1859 916 1908 sich
940 1858 1009 1908 nicht
1035 1859 1167 1911 bestimmt
1199 1875 1285 1927 sagon,

211 1929 274 1994 luth,
287 1930 337 1979 wia
350 1927 359 1978 l
372 1927 388 1992 §
404 1929 459 1978 105.
482 1927 534 1978 ller
544 1925 663 1978 Godanlre
673 1928 719 1978 dos
774 1928 839 1977 doch
854 1927 1099 1978 wahrscheiulicher
1115 1943 1162 1978 aue
1175 1930 1234 1981 dom
1246 1947 1287 1984 er·

211 1995 471 2060 vorausgeschicktea
494 1994 634 2045 Satzthoils
652 1996 719 2045 wird
773 1995 892 2048 wiihutoa
909 1993 988 2045 Stiiclr
1007 1995 1051 2046 dos
1072 1994 1163 2046 Attius
1182 1999 1223 2050 ala
1241 2016 1286 2052 aus

211 2063 719 2116 uacbdorParonthesoinardererForm
774 2063 829 2112 dem
842 2063 886 2111 des
899 2061 1034 2113 Pacuvius.
1048 2091 1080 2100 —
1091 2067 1164 2115 cuiue
1183 2067 1220 2118 ist
1232 2068 1286 2119 ein-

211 2133 369 2186 wioderbolt.
773 2131 868 2195 eilbig‚
903 2133 977 2180 tatius
1004 2132 1035 2183 V.
1062 2133 1076 2182 5
1101 2133 1140 2184 als
1171 2135 1285 2204 dactyli-

246 2203 269 2252 3.
302 2199 453 2252 insimulant
480 2213 539 2250 oum
560 2197 716 2264 tragoediae.
774 2199 849 2249 soher
862 2197 997 2250 Wortluss
1010 2199 1229 2267 mitAbwariung
1242 2207 1285 2256 des

213 2271 273 2321 Wie
292 2271 333 2320 dio
351 2267 479 2330 Tragiler
496 2267 546 2316 und
563 2267 720 2318 aameutlieh
775 2266 919 2318 Schluss-s
936 2282 966 2315 zo
979 2268 1059 2318 lason.
1076 2295 1108 2305 —
1121 2269 1197 2322 Nach
1207 2271 1286 2338 Apol-

210 2337 348 2403 Euripides
382 2335 513 2454 Odlyaseus
556 2335 594 2386 ala
639 2335 719 2399 linig,
774 2332 901 2398 lodorlss,
915 2338 955 2396 10,
968 2335 1041 2399 9gab
1055 2335 1287 2406 UlixoedemTyu-

211 2403 347 2458 riinlrovoll
358 2403 408 2454 uad
426 2403 721 2470 oigodarzustolleulie-
775 2404 867 2456 dareus
880 2404 928 2453 deu
941 2402 1015 2467 Rath,
1034 2404 1073 2455 die
1091 2403 1186 2457 Freior
1198 2409 1287 2459 seiher

212 2476 267 2538 beo,
282 2490 311 2526 so
324 2472 405 2523 bohen
419 2473 457 2524 sie
469 2475 534 2524 auch
547 2473 617 2523 diese
630 2472 719 2537 Mytbe
775 2471 1170 2524 Toohtordurehoiaonllidzum
1176 2475 1287 2527 Schutzo

211 2542 341 2594 mebrloch
358 2541 505 2602 habandan,
528 2558 556 2593 so
579 2541 720 2608 Sophokles
775 2539 878 2604 dassen,
910 2540 1022 2591 welchoa
1051 2541 1148 2592 Helena
1186 2545 1287 2596 wiihleu

211 2612 244 2661 im
255 2605 401 2666 Ὀδυσσεὺς
415 2603 599 2678 μαινόμενος,
617 2608 720 2676 lluripi-
775 2609 872 2670 wiirde‚
885 2624 917 2658 zu
929 2607 1111 2674 verutlicbten3
1133 2611 1286 2728 'tyndareum

211 2681 255 2730 dos
269 2679 385 2730 orwlihut
397 2679 434 2729 sie
448 2679 522 2743 ditor,
543 2679 592 2729 und
609 2693 659 2729 von
672 2677 720 2727 deu
775 2676 928 2728 vorschaflte
941 2677 993 2728 ihm
1006 2674 1081 2726 daliir
1094 2677 1137 2730 die
1169 2681 1286 2748 enolopo.

211 2747 320 2798 Rbmarn
342 2762 390 2798 vor
413 2747 464 2798 Cio.
489 2745 658 2798 bebaudelteo
682 2744 719 2796 sio
811 2745 849 2797 14.
867 2743 945 2810 fidem
958 2745 1032 2796 niiml.
1045 2747 1112 2795 iarah
1127 2747 1243 2799 tardandi.

210 2815 300 2866 Attius
312 2814 362 2863 und
375 2814 503 2865 Pacuvius
516 2816 543 2865 in
559 2814 614 2863 deur
634 2826 720 2862 omno-
810 2814 848 2864 15.
867 2814 977 2862 institit:
1000 2813 1054 2864 Cic.
1071 2813 1145 2866 Aret.
1164 2817 1214 2866 715
1227 2817 1287 2869 inde

211 2897 271 2934 ruat
284 2881 415 2932 iodicium.
773 2882 956 2946 sagittipotens
978 2897 1089 2948 superor
1114 2899 1174 2935 oum
1203 2888 1287 2936 visere

246 2951 269 2998 5.
291 2952 321 2998 ut
334 2979 353 2985 -
366 2948 473 2999 dicerit.
495 2949 583 3000 mitat
597 2946 719 2998 wirdim·
773 2948 848 2999 tunae
859 2951 963 3000 institit.
983 2949 1066 3000 Plaut.
1080 2950 1197 3016 Captlll
1210 2955 1237 3016 4,
1254 2955 1286 3004 52
1377 2989 1378 2994 ,

211 3032 264 3069 mer
274 3016 315 3066 eiu
324 3013 445 3068 Einwurf
452 3014 608 3081 cingerent,
616 3018 663 3067 deu
674 3016 719 3066 der
773 3015 828 3066 calte
839 3018 886 3081 eta,
905 3033 937 3066 ne
952 3017 1016 3082 quid
1025 3021 1055 3068 tu
1067 3018 1127 3070 ooo
1139 3023 1236 3072 temere
1248 3026 1299 3072 tm

211 3085 329 3138 Redonde
348 3084 546 3141 ciuemAudoru
565 3103 611 3137 oue
623 3085 719 3135 saluam
773 3087 853 3134 statae
876 3085 982 3138 caeduo.
1013 3088 1288 3154 murocinetum

212 3156 297 3217 Sinde,
308 3153 719 3207 odersichsolhstausdemSinue
742 3148 746 3158 ’
775 3152 837 3202 oder
853 3151 933 3203 alicua·
947 3153 984 3204 ist
996 3177 1008 3194 ι
1020 3156 1180 3220 incumbere,
1201 3161 1287 3208 atton-

211 3225 256 3274 dos
269 3221 385 3288 Gegnora
402 3225 494 3288 morht,
516 3223 629 3274 weshalh
647 3237 678 3271 zu
691 3225 720 3271 at
773 3219 832 3271 dero
846 3219 883 3270 ad
896 3220 1005 3286 ahquid,
1027 3222 1088 3272 abor
1109 3225 1174 3274 auch
1190 3240 1287 3278 munus

211 3293 318 3343 niemala
326 3291 366 3342 ein
375 3290 543 3357 dieatoliqua'e
553 3293 615 3343 oder
624 3290 721 3340 (tremit
773 3291 893 3338 innatare
905 3297 963 3354 sagt
972 3290 1023 3340 Cic.
1034 3291 1065 3340 do
1078 3307 1115 3341 or.
1126 3290 1159 3342 lll
1171 3293 1214 3356 45,
1229 3294 1285 3346 176.

210 3359 647 3495 tttttltf²tttt’.n⁸ttl
659 3357 721 3475 illl
774 3355 1287 3481 aalizafililt‘ibl'tv'iiliissit

212 3495 286 3563 wurs,
300 3498 349 3548 dea
361 3496 416 3547 sich
428 3497 474 3548 der
487 3495 605 3548 Redende
617 3495 720 3544 macheu
774 3493 914 3560 Odysseus.
951 3493 1041 3544 Diosor
1061 3496 1156 3560 pfliigto
1174 3498 1286 3550 niimlieh

210 3565 285 3628 lisat,
301 3566 367 3616 wird
385 3565 455 3615 nicht
472 3565 551 3616 durch
563 3565 605 3614 dio
617 3561 720 3612 Formol
774 3561 822 3612 mit
836 3561 917 3612 etnam
927 3560 989 3612 Esel
998 3563 1049 3612 und
1059 3563 1142 3614 einero
1152 3563 1232 3629 Stier,
1244 3567 1286 3617 die

211 3632 385 3700 multocies.
404 3633 473 3698 aaa,
494 3635 556 3685 oder
572 3632 651 3682 durch
668 3630 720 3681 olt-
775 3645 804 3680 er
827 3631 1100 3692 zusammeagoschirrt
1120 3632 1208 3695 hatto,
1235 3635 1287 3684 und

212 3703 269 3768 quie
278 3702 341 3768 sort.
354 3701 419 3767 dim,
437 3703 464 3752 iu
477 3702 563 3754 dieser
576 3699 719 3751 Wortstol-
775 3699 829 3750 stite
842 3697 909 3748 Sala.
938 3698 973 3748 lla
990 3699 1059 3762 legte
1074 3698 1226 3752 Palamedes
1239 3703 1287 3752 den

212 3768 281 3833 long,
294 3768 445 3833 eingebihrt.
774 3765 966 3830 neugehorcaou
985 3766 1152 3818 Telemachos
1169 3785 1219 3820 vor
1238 3771 1285 3820 dea

248 3835 288 3888 13.
319 3836 398 3888 Cotus
425 3842 478 3905 ipse
526 3840 618 3905 inceps.
665 3834 719 3885 Aue
774 3834 851 3899 Ptlug,
866 3832 1287 3902 worauiOdyssaussorgeamdeu

213 3904 334 3954 welcbem
356 3903 462 3954 Dichter
486 3852 526 3955 illl
551 3906 633 3964 Verso¹
654 3904 718 3965 siud,
773 3901 1185 3967 Ptlugiiherdaeltindmeghob.
