<?xml version="1.0" encoding="UTF-8"?>
<!DOCTYPE html PUBLIC "-//W3C//DTD XHTML 1.0 Transitional//EN"
    "http://www.w3.org/TR/xhtml1/DTD/xhtml1-transitional.dtd">
<html xmlns="http://www.w3.org/1999/xhtml" xml:lang="en" lang="en">
 <head>
  <title>
</title>
<meta http-equiv="Content-Type" content="text/html;charset=utf-8" />
  <meta name='ocr-system' content='tesseract 3.04.00' />
  <meta name='ocr-capabilities' content='ocr_page ocr_carea ocr_par ocr_line ocrx_word'/>
</head>
<body>
  <div class='ocr_page' id='page_1' title='image "./deofficiisadmar00heingoog_0049.png"; bbox 0 0 2768 4506; ppageno 0'>
   <div class='ocr_carea' id='block_1_1' title="bbox 220 169 975 235">
    <p class='ocr_par' dir='ltr' id='par_1_1' title="bbox 220 169 975 235">
     <span class='ocr_line' id='line_1_1' title="bbox 220 169 975 235; baseline -0.001 -14"><span class='ocrx_word' id='word_1_1' title='bbox 220 175 261 235; x_wconf 80' lang='lat'>40</span> <span class='ocrx_word' id='word_1_2' title='bbox 529 171 572 221; x_wconf 88' lang='lat' dir='ltr'>un</span> <span class='ocrx_word' id='word_1_3' title='bbox 585 169 792 222; x_wconf 86' lang='lat' dir='ltr'>orrrcusuu.</span> <span class='ocrx_word' id='word_1_4' title='bbox 807 169 825 220; x_wconf 88' lang='lat'>1.</span> <span class='ocrx_word' id='word_1_5' title='bbox 860 169 931 221; x_wconf 75' lang='lat' dir='ltr'>car.</span> <span class='ocrx_word' id='word_1_6' title='bbox 951 169 975 220; x_wconf 75' lang='lat' dir='ltr'>a.</span> 
     </span>
    </p>
   </div>
   <div class='ocr_carea' id='block_1_2' title="bbox 170 323 1346 1674">
    <p class='ocr_par' dir='ltr' id='par_1_2' title="bbox 170 323 1346 1674">
     <span class='ocr_line' id='line_1_2' title="bbox 219 323 1299 404; baseline 0.002 -19"><span class='ocrx_word' id='word_1_7' title='bbox 219 327 299 404; x_wconf 92' lang='lat' dir='ltr'>quod</span> <span class='ocrx_word' id='word_1_8' title='bbox 314 343 428 398; x_wconf 92' lang='lat' dir='ltr'>verum,</span> <span class='ocrx_word' id='word_1_9' title='bbox 444 325 570 404; x_wconf 85' lang='lat' dir='ltr'>simplex</span> <span class='ocrx_word' id='word_1_10' title='bbox 584 323 795 404; x_wconf 86' lang='lat' dir='ltr'>sincerumque</span> <span class='ocrx_word' id='word_1_11' title='bbox 809 323 857 394; x_wconf 86' lang='lat' dir='ltr'>sit,</span> <span class='ocrx_word' id='word_1_12' title='bbox 877 324 908 384; x_wconf 92' lang='lat' dir='ltr'>id</span> <span class='ocrx_word' id='word_1_13' title='bbox 930 342 994 384; x_wconf 88' lang='lat' dir='ltr'>esse</span> <span class='ocrx_word' id='word_1_14' title='bbox 1014 332 1139 384; x_wconf 90' lang='lat' dir='ltr'>naturae</span> <span class='ocrx_word' id='word_1_15' title='bbox 1157 325 1299 386; x_wconf 83' lang='lat' dir='ltr'>hominis</span> 
     </span>
     <span class='ocr_line' id='line_1_3' title="bbox 218 407 1298 490; baseline 0 -20"><span class='ocrx_word' id='word_1_16' title='bbox 218 409 417 490; x_wconf 89' lang='lat' dir='ltr'>aptissimum.</span> <span class='ocrx_word' id='word_1_17' title='bbox 440 409 517 470; x_wconf 92' lang='lat' dir='ltr'>Huic</span> <span class='ocrx_word' id='word_1_18' title='bbox 530 409 593 469; x_wconf 91' lang='lat' dir='ltr'>veri</span> <span class='ocrx_word' id='word_1_19' title='bbox 609 407 729 469; x_wconf 88' lang='lat' dir='ltr'>videndi</span> <span class='ocrx_word' id='word_1_20' title='bbox 743 407 899 487; x_wconf 81' lang='lat' dir='ltr'>cupiditati</span> <span class='ocrx_word' id='word_1_21' title='bbox 919 408 1059 469; x_wconf 89' lang='lat' dir='ltr'>adiuncta</span> <span class='ocrx_word' id='word_1_22' title='bbox 1079 418 1125 470; x_wconf 90' lang='lat' dir='ltr'>est</span> <span class='ocrx_word' id='word_1_23' title='bbox 1144 411 1298 489; x_wconf 80' lang='lat' dir='ltr'>appetitio</span> 
     </span>
     <span class='ocr_line' id='line_1_4' title="bbox 219 492 1298 574; baseline -0.001 -19"><span class='ocrx_word' id='word_1_24' title='bbox 219 496 365 574; x_wconf 81' lang='lat' dir='ltr'>quaedam</span> <span class='ocrx_word' id='word_1_25' title='bbox 380 493 572 574; x_wconf 73' lang='lat' dir='ltr'>principatus,</span> <span class='ocrx_word' id='word_1_26' title='bbox 588 500 621 552; x_wconf 94' lang='lat' dir='ltr'>ut</span> <span class='ocrx_word' id='word_1_27' title='bbox 634 493 747 554; x_wconf 89' lang='lat' dir='ltr'>nemini</span> <span class='ocrx_word' id='word_1_28' title='bbox 761 511 866 574; x_wconf 90' lang='lat' dir='ltr'>parere</span> <span class='ocrx_word' id='word_1_29' title='bbox 886 493 1004 553; x_wconf 88' lang='lat' dir='ltr'>animus</span> <span class='ocrx_word' id='word_1_30' title='bbox 1020 492 1097 554; x_wconf 89' lang='lat' dir='ltr'>bene</span> <span class='ocrx_word' id='word_1_31' title='bbox 1111 493 1298 556; x_wconf 82' lang='lat' dir='ltr'>informatus</span> 
     </span>
     <span class='ocr_line' id='line_1_5' title="bbox 218 577 1298 658; baseline 0.002 -19"><span class='ocrx_word' id='word_1_32' title='bbox 218 588 356 640; x_wconf 83' lang='lat' dir='ltr'>enatura</span> <span class='ocrx_word' id='word_1_33' title='bbox 374 578 444 639; x_wconf 91' lang='lat' dir='ltr'>velit</span> <span class='ocrx_word' id='word_1_34' title='bbox 458 578 514 638; x_wconf 89' lang='lat' dir='ltr'>uisi</span> <span class='ocrx_word' id='word_1_35' title='bbox 532 577 746 658; x_wconf 84' lang='lat' dir='ltr'>[praecipienti]</span> <span class='ocrx_word' id='word_1_36' title='bbox 770 586 821 639; x_wconf 88' lang='lat' dir='ltr'>aut</span> <span class='ocrx_word' id='word_1_37' title='bbox 844 577 963 638; x_wconf 89' lang='lat' dir='ltr'>docenti</span> <span class='ocrx_word' id='word_1_38' title='bbox 984 587 1034 638; x_wconf 93' lang='lat' dir='ltr'>aut</span> <span class='ocrx_word' id='word_1_39' title='bbox 1052 578 1189 640; x_wconf 86' lang='lat' dir='ltr'>utilitatis</span> <span class='ocrx_word' id='word_1_40' title='bbox 1206 598 1298 640; x_wconf 88' lang='lat' dir='ltr'>causa</span> 
     </span>
     <span class='ocr_line' id='line_1_6' title="bbox 221 662 1333 742; baseline 0.002 -18"><span class='ocrx_word' id='word_1_41' title='bbox 221 665 299 725; x_wconf 89' lang='lat' dir='ltr'>iuste</span> <span class='ocrx_word' id='word_1_42' title='bbox 315 673 345 724; x_wconf 90' lang='lat' dir='ltr'>et</span> <span class='ocrx_word' id='word_1_43' title='bbox 359 663 490 742; x_wconf 85' lang='lat' dir='ltr'>legitime</span> <span class='ocrx_word' id='word_1_44' title='bbox 505 663 679 742; x_wconf 86' lang='lat' dir='ltr'>imperanti:</span> <span class='ocrx_word' id='word_1_45' title='bbox 701 682 738 723; x_wconf 89' lang='lat' dir='ltr'>ex</span> <span class='ocrx_word' id='word_1_46' title='bbox 753 682 813 742; x_wconf 93' lang='lat' dir='ltr'>quo</span> <span class='ocrx_word' id='word_1_47' title='bbox 827 662 1001 739; x_wconf 84' lang='lat' dir='ltr'>magnitudo</span> <span class='ocrx_word' id='word_1_48' title='bbox 1012 662 1104 723; x_wconf 90' lang='lat' dir='ltr'>animi</span> <span class='ocrx_word' id='word_1_49' title='bbox 1119 663 1222 724; x_wconf 83' lang='lat' dir='ltr'>existit</span> <span class='ocrx_word' id='word_1_50' title='bbox 1236 665 1299 724; x_wconf 91' lang='lat' dir='ltr'>hu·</span> <span class='ocrx_word' id='word_1_51' title='bbox 1319 679 1333 726; x_wconf 81' lang='lat'><strong><em>5</em></strong></span> 
     </span>
     <span class='ocr_line' id='line_1_7' title="bbox 170 746 1297 828; baseline -0.001 -19"><span class='ocrx_word' id='word_1_52' title='bbox 170 753 201 803; x_wconf 79' lang='lat'>14</span> <span class='ocrx_word' id='word_1_53' title='bbox 221 767 438 828; x_wconf 80' lang='lat' dir='ltr'>munerumque</span> <span class='ocrx_word' id='word_1_54' title='bbox 451 767 553 809; x_wconf 91' lang='lat' dir='ltr'>rerum</span> <span class='ocrx_word' id='word_1_55' title='bbox 569 746 761 826; x_wconf 86' lang='lat' dir='ltr'>contemptio.</span> <span class='ocrx_word' id='word_1_56' title='bbox 784 747 847 807; x_wconf 90' lang='lat' dir='ltr'>Nec</span> <span class='ocrx_word' id='word_1_57' title='bbox 862 765 932 808; x_wconf 90' lang='lat' dir='ltr'>vero</span> <span class='ocrx_word' id='word_1_58' title='bbox 947 747 993 808; x_wconf 94' lang='lat' dir='ltr'>illa</span> <span class='ocrx_word' id='word_1_59' title='bbox 1006 766 1095 825; x_wconf 90' lang='lat' dir='ltr'>parva</span> <span class='ocrx_word' id='word_1_60' title='bbox 1111 749 1154 808; x_wconf 90' lang='lat' dir='ltr'>vis</span> <span class='ocrx_word' id='word_1_61' title='bbox 1166 757 1297 810; x_wconf 88' lang='lat' dir='ltr'>naturae</span> 
     </span>
     <span class='ocr_line' id='line_1_8' title="bbox 220 831 1294 913; baseline 0.001 -20"><span class='ocrx_word' id='word_1_62' title='bbox 220 842 264 894; x_wconf 88' lang='lat' dir='ltr'>est</span> <span class='ocrx_word' id='word_1_63' title='bbox 277 833 473 912; x_wconf 85' lang='lat' dir='ltr'>rationisque,</span> <span class='ocrx_word' id='word_1_64' title='bbox 486 833 566 912; x_wconf 92' lang='lat' dir='ltr'>quod</span> <span class='ocrx_word' id='word_1_65' title='bbox 578 851 674 895; x_wconf 90' lang='lat' dir='ltr'>unum</span> <span class='ocrx_word' id='word_1_66' title='bbox 685 833 743 892; x_wconf 90' lang='lat' dir='ltr'>hoc</span> <span class='ocrx_word' id='word_1_67' title='bbox 754 831 865 893; x_wconf 92' lang='lat' dir='ltr'>animal</span> <span class='ocrx_word' id='word_1_68' title='bbox 877 831 967 892; x_wconf 90' lang='lat' dir='ltr'>sentit</span> <span class='ocrx_word' id='word_1_69' title='bbox 979 831 1051 910; x_wconf 91' lang='lat' dir='ltr'>quid</span> <span class='ocrx_word' id='word_1_70' title='bbox 1063 832 1102 892; x_wconf 92' lang='lat' dir='ltr'>sit</span> <span class='ocrx_word' id='word_1_71' title='bbox 1114 834 1199 906; x_wconf 90' lang='lat' dir='ltr'>ordo,</span> <span class='ocrx_word' id='word_1_72' title='bbox 1219 835 1294 913; x_wconf 92' lang='lat' dir='ltr'>quid</span> 
     </span>
     <span class='ocr_line' id='line_1_9' title="bbox 219 915 1295 998; baseline -0.001 -20"><span class='ocrx_word' id='word_1_73' title='bbox 219 919 257 978; x_wconf 88' lang='lat' dir='ltr'>sit</span> <span class='ocrx_word' id='word_1_74' title='bbox 273 919 353 998; x_wconf 92' lang='lat' dir='ltr'>quod</span> <span class='ocrx_word' id='word_1_75' title='bbox 369 919 480 989; x_wconf 89' lang='lat' dir='ltr'>deceat,</span> <span class='ocrx_word' id='word_1_76' title='bbox 495 918 528 977; x_wconf 92' lang='lat' dir='ltr'>in</span> <span class='ocrx_word' id='word_1_77' title='bbox 543 918 629 979; x_wconf 86' lang='lat' dir='ltr'>iactis</span> <span class='ocrx_word' id='word_1_78' title='bbox 644 915 791 995; x_wconf 87' lang='lat' dir='ltr'>dictisque</span> <span class='ocrx_word' id='word_1_79' title='bbox 815 917 885 996; x_wconf 92' lang='lat' dir='ltr'>quid</span> <span class='ocrx_word' id='word_1_80' title='bbox 905 917 1022 977; x_wconf 90' lang='lat' dir='ltr'>modus.</span> <span class='ocrx_word' id='word_1_81' title='bbox 1059 917 1162 997; x_wconf 88' lang='lat' dir='ltr'>ltaque</span> <span class='ocrx_word' id='word_1_82' title='bbox 1186 937 1295 980; x_wconf 87' lang='lat' dir='ltr'>eorum</span> 
     </span>
     <span class='ocr_line' id='line_1_10' title="bbox 218 1001 1297 1082; baseline 0.001 -20"><span class='ocrx_word' id='word_1_83' title='bbox 218 1003 364 1082; x_wconf 85' lang='lat' dir='ltr'>ipsorum,</span> <span class='ocrx_word' id='word_1_84' title='bbox 376 1022 452 1082; x_wconf 92' lang='lat' dir='ltr'>quae</span> <span class='ocrx_word' id='word_1_85' title='bbox 463 1011 583 1082; x_wconf 91' lang='lat' dir='ltr'>aspectu</span> <span class='ocrx_word' id='word_1_86' title='bbox 595 1001 778 1070; x_wconf 90' lang='lat' dir='ltr'>sentiuntur,</span> <span class='ocrx_word' id='word_1_87' title='bbox 785 1002 900 1062; x_wconf 89' lang='lat' dir='ltr'>nullum</span> <span class='ocrx_word' id='word_1_88' title='bbox 914 1001 993 1062; x_wconf 91' lang='lat' dir='ltr'>aliud</span> <span class='ocrx_word' id='word_1_89' title='bbox 1005 1001 1113 1062; x_wconf 89' lang='lat' dir='ltr'>animal</span> <span class='ocrx_word' id='word_1_90' title='bbox 1125 1003 1297 1080; x_wconf 90' lang='lat' dir='ltr'>pulchritu-</span> 
     </span>
     <span class='ocr_line' id='line_1_11' title="bbox 220 1085 1346 1166; baseline -0.004 -18"><span class='ocrx_word' id='word_1_91' title='bbox 220 1089 329 1159; x_wconf 86' lang='lat' dir='ltr'>dinem,</span> <span class='ocrx_word' id='word_1_92' title='bbox 344 1095 542 1159; x_wconf 86' lang='lat' dir='ltr'>venustatem,</span> <span class='ocrx_word' id='word_1_93' title='bbox 559 1085 799 1148; x_wconf 87' lang='lat' dir='ltr'>convenientiam</span> <span class='ocrx_word' id='word_1_94' title='bbox 814 1087 944 1165; x_wconf 90' lang='lat' dir='ltr'>partium</span> <span class='ocrx_word' id='word_1_95' title='bbox 957 1087 1065 1147; x_wconf 86' lang='lat' dir='ltr'>sentit:</span> <span class='ocrx_word' id='word_1_96' title='bbox 1082 1107 1173 1166; x_wconf 93' lang='lat' dir='ltr'>quam</span> <span class='ocrx_word' id='word_1_97' title='bbox 1187 1089 1298 1149; x_wconf 89' lang='lat' dir='ltr'>simili-</span> <span class='ocrx_word' id='word_1_98' title='bbox 1319 1097 1346 1143; x_wconf 85' lang='lat' dir='ltr'>ld</span> 
     </span>
     <span class='ocr_line' id='line_1_12' title="bbox 218 1171 1297 1251; baseline -0.002 -18"><span class='ocrx_word' id='word_1_99' title='bbox 218 1173 353 1234; x_wconf 86' lang='lat' dir='ltr'>tudinem</span> <span class='ocrx_word' id='word_1_100' title='bbox 370 1182 476 1234; x_wconf 90' lang='lat' dir='ltr'>natura</span> <span class='ocrx_word' id='word_1_101' title='bbox 491 1172 627 1251; x_wconf 89' lang='lat' dir='ltr'>ratioque</span> <span class='ocrx_word' id='word_1_102' title='bbox 641 1171 677 1232; x_wconf 90' lang='lat' dir='ltr'>ab</span> <span class='ocrx_word' id='word_1_103' title='bbox 694 1172 785 1232; x_wconf 87' lang='lat' dir='ltr'>oculis</span> <span class='ocrx_word' id='word_1_104' title='bbox 801 1173 837 1232; x_wconf 89' lang='lat' dir='ltr'>ad</span> <span class='ocrx_word' id='word_1_105' title='bbox 853 1172 987 1232; x_wconf 88' lang='lat' dir='ltr'>animum</span> <span class='ocrx_word' id='word_1_106' title='bbox 1001 1173 1187 1233; x_wconf 79' lang='lat' dir='ltr'>transferens</span> <span class='ocrx_word' id='word_1_107' title='bbox 1198 1174 1297 1234; x_wconf 90' lang='lat' dir='ltr'>multo</span> 
     </span>
     <span class='ocr_line' id='line_1_13' title="bbox 220 1257 1296 1336; baseline 0 -19"><span class='ocrx_word' id='word_1_108' title='bbox 220 1259 308 1319; x_wconf 84' lang='lat' dir='ltr'>etiam</span> <span class='ocrx_word' id='word_1_109' title='bbox 325 1258 420 1335; x_wconf 84' lang='lat' dir='ltr'>magis</span> <span class='ocrx_word' id='word_1_110' title='bbox 435 1257 698 1336; x_wconf 88' lang='lat' dir='ltr'>pulchritudinem,</span> <span class='ocrx_word' id='word_1_111' title='bbox 714 1257 923 1329; x_wconf 89' lang='lat' dir='ltr'>constantiam,</span> <span class='ocrx_word' id='word_1_112' title='bbox 947 1257 1083 1318; x_wconf 89' lang='lat' dir='ltr'>ordinem</span> <span class='ocrx_word' id='word_1_113' title='bbox 1105 1257 1137 1317; x_wconf 90' lang='lat' dir='ltr'>in</span> <span class='ocrx_word' id='word_1_114' title='bbox 1159 1257 1296 1319; x_wconf 90' lang='lat' dir='ltr'>consiliis</span> 
     </span>
     <span class='ocr_line' id='line_1_14' title="bbox 218 1341 1295 1422; baseline 0 -20"><span class='ocrx_word' id='word_1_115' title='bbox 218 1343 363 1422; x_wconf 86' lang='lat' dir='ltr'>lactisque</span> <span class='ocrx_word' id='word_1_116' title='bbox 379 1342 580 1403; x_wconf 89' lang='lat' dir='ltr'>conservanda</span> <span class='ocrx_word' id='word_1_117' title='bbox 595 1348 680 1421; x_wconf 89' lang='lat' dir='ltr'>putat</span> <span class='ocrx_word' id='word_1_118' title='bbox 691 1350 833 1419; x_wconf 88' lang='lat' dir='ltr'>cavetque</span> <span class='ocrx_word' id='word_1_119' title='bbox 845 1358 884 1401; x_wconf 87' lang='lat' dir='ltr'>ne</span> <span class='ocrx_word' id='word_1_120' title='bbox 895 1341 968 1420; x_wconf 90' lang='lat' dir='ltr'>quid</span> <span class='ocrx_word' id='word_1_121' title='bbox 979 1341 1120 1403; x_wconf 89' lang='lat' dir='ltr'>indecore</span> <span class='ocrx_word' id='word_1_122' title='bbox 1133 1343 1295 1404; x_wconf 82' lang='lat' dir='ltr'>effemina-</span> 
     </span>
     <span class='ocr_line' id='line_1_15' title="bbox 218 1425 1295 1506; baseline -0.002 -18"><span class='ocrx_word' id='word_1_123' title='bbox 218 1437 283 1488; x_wconf 89' lang='lat' dir='ltr'>teve</span> <span class='ocrx_word' id='word_1_124' title='bbox 298 1427 394 1495; x_wconf 87' lang='lat' dir='ltr'>faciat‚</span> <span class='ocrx_word' id='word_1_125' title='bbox 410 1436 476 1486; x_wconf 90' lang='lat' dir='ltr'>tum</span> <span class='ocrx_word' id='word_1_126' title='bbox 491 1425 523 1486; x_wconf 91' lang='lat' dir='ltr'>iu</span> <span class='ocrx_word' id='word_1_127' title='bbox 538 1426 678 1486; x_wconf 91' lang='lat' dir='ltr'>omnibus</span> <span class='ocrx_word' id='word_1_128' title='bbox 695 1437 725 1486; x_wconf 87' lang='lat' dir='ltr'>et</span> <span class='ocrx_word' id='word_1_129' title='bbox 739 1425 929 1504; x_wconf 87' lang='lat' dir='ltr'>opinionibus</span> <span class='ocrx_word' id='word_1_130' title='bbox 942 1435 971 1486; x_wconf 88' lang='lat' dir='ltr'>et</span> <span class='ocrx_word' id='word_1_131' title='bbox 981 1427 1066 1487; x_wconf 84' lang='lat' dir='ltr'>lactis</span> <span class='ocrx_word' id='word_1_132' title='bbox 1078 1446 1118 1487; x_wconf 88' lang='lat' dir='ltr'>ue</span> <span class='ocrx_word' id='word_1_133' title='bbox 1129 1427 1202 1506; x_wconf 91' lang='lat' dir='ltr'>quid</span> <span class='ocrx_word' id='word_1_134' title='bbox 1213 1428 1295 1488; x_wconf 90' lang='lat' dir='ltr'>lubi-</span> 
     </span>
     <span class='ocr_line' id='line_1_16' title="bbox 220 1509 1344 1588; baseline -0.004 -17"><span class='ocrx_word' id='word_1_135' title='bbox 220 1513 327 1573; x_wconf 88' lang='lat' dir='ltr'>dinose</span> <span class='ocrx_word' id='word_1_136' title='bbox 343 1519 394 1570; x_wconf 89' lang='lat' dir='ltr'>aut</span> <span class='ocrx_word' id='word_1_137' title='bbox 410 1511 496 1571; x_wconf 82' lang='lat' dir='ltr'>saciat</span> <span class='ocrx_word' id='word_1_138' title='bbox 511 1519 562 1570; x_wconf 90' lang='lat' dir='ltr'>aut</span> <span class='ocrx_word' id='word_1_139' title='bbox 578 1511 696 1588; x_wconf 85' lang='lat' dir='ltr'>cogitet.</span> <span class='ocrx_word' id='word_1_140' title='bbox 728 1509 844 1581; x_wconf 88' lang='lat' dir='ltr'>Quibus</span> <span class='ocrx_word' id='word_1_141' title='bbox 860 1531 894 1571; x_wconf 93' lang='lat' dir='ltr'>ex</span> <span class='ocrx_word' id='word_1_142' title='bbox 909 1513 998 1572; x_wconf 87' lang='lat' dir='ltr'>rebus</span> <span class='ocrx_word' id='word_1_143' title='bbox 1015 1513 1159 1572; x_wconf 86' lang='lat' dir='ltr'>conflatur</span> <span class='ocrx_word' id='word_1_144' title='bbox 1180 1521 1211 1574; x_wconf 87' lang='lat' dir='ltr'>et</span> <span class='ocrx_word' id='word_1_145' title='bbox 1226 1512 1295 1573; x_wconf 84' lang='lat' dir='ltr'>eifr-</span> <span class='ocrx_word' id='word_1_146' title='bbox 1317 1521 1344 1568; x_wconf 82' lang='lat'>15</span> 
     </span>
     <span class='ocr_line' id='line_1_17' title="bbox 220 1595 1295 1674; baseline 0 -18"><span class='ocrx_word' id='word_1_147' title='bbox 220 1596 298 1656; x_wconf 90' lang='lat' dir='ltr'>citur</span> <span class='ocrx_word' id='word_1_148' title='bbox 312 1595 353 1666; x_wconf 91' lang='lat' dir='ltr'>id,</span> <span class='ocrx_word' id='word_1_149' title='bbox 369 1596 449 1674; x_wconf 92' lang='lat' dir='ltr'>quod</span> <span class='ocrx_word' id='word_1_150' title='bbox 464 1595 647 1674; x_wconf 91' lang='lat' dir='ltr'>quaerimus,</span> <span class='ocrx_word' id='word_1_151' title='bbox 659 1595 838 1656; x_wconf 89' lang='lat' dir='ltr'>honestum:</span> <span class='ocrx_word' id='word_1_152' title='bbox 861 1597 941 1674; x_wconf 90' lang='lat' dir='ltr'>quod</span> <span class='ocrx_word' id='word_1_153' title='bbox 958 1596 1087 1658; x_wconf 88' lang='lat' dir='ltr'>etiamsi</span> <span class='ocrx_word' id='word_1_154' title='bbox 1103 1596 1295 1658; x_wconf 89' lang='lat' dir='ltr'>nobilitatum</span> 
     </span>
    </p>
   </div>
   <div class='ocr_carea' id='block_1_3' title="bbox 214 1731 1318 3904">
    <p class='ocr_par' dir='ltr' id='par_1_3' title="bbox 215 1731 1295 2070">
     <span class='ocr_line' id='line_1_18' title="bbox 254 1731 1295 1798; baseline 0.003 -19"><span class='ocrx_word' id='word_1_155' title='bbox 254 1731 277 1780; x_wconf 86' lang='grc'>3.</span> <span class='ocrx_word' id='word_1_156' title='bbox 296 1733 400 1780; x_wconf 78' lang='lat' dir='ltr'>animos</span> <span class='ocrx_word' id='word_1_157' title='bbox 413 1731 640 1797; x_wconf 74' lang='lat' dir='ltr'>dminscrmatus</span> <span class='ocrx_word' id='word_1_158' title='bbox 654 1747 728 1781; x_wconf 81' lang='lat' dir='ltr'>anc—</span> <span class='ocrx_word' id='word_1_159' title='bbox 783 1746 886 1782; x_wconf 79' lang='lat' dir='ltr'>eernere</span> <span class='ocrx_word' id='word_1_160' title='bbox 902 1746 1040 1798; x_wconf 79' lang='lat' dir='ltr'>possum-us</span> <span class='ocrx_word' id='word_1_161' title='bbox 1057 1735 1084 1781; x_wconf 84' lang='lat' dir='ltr'>iu</span> <span class='ocrx_word' id='word_1_162' title='bbox 1104 1735 1138 1781; x_wconf 78' lang='lat' dir='ltr'>iis</span> <span class='ocrx_word' id='word_1_163' title='bbox 1157 1737 1242 1798; x_wconf 79' lang='lat' dir='ltr'>aquis.</span> <span class='ocrx_word' id='word_1_164' title='bbox 1262 1763 1295 1771; x_wconf 94' lang='lat'><em>-</em></span> 
     </span>
     <span class='ocr_line' id='line_1_19' title="bbox 219 1799 1294 1866; baseline 0.004 -17"><span class='ocrx_word' id='word_1_165' title='bbox 219 1803 289 1862; x_wconf 80' lang='lat' dir='ltr'>turc,</span> <span class='ocrx_word' id='word_1_166' title='bbox 302 1801 325 1849; x_wconf 85' lang='lat' dir='ltr'>d.</span> <span class='ocrx_word' id='word_1_167' title='bbox 336 1799 354 1847; x_wconf 90' lang='lat' dir='ltr'>i.</span> <span class='ocrx_word' id='word_1_168' title='bbox 364 1799 572 1864; x_wconf 78' lang='lat' dir='ltr'>deuesorermtue.</span> <span class='ocrx_word' id='word_1_169' title='bbox 583 1800 615 1850; x_wconf 86' lang='lat' dir='ltr'>de</span> <span class='ocrx_word' id='word_1_170' title='bbox 625 1815 681 1854; x_wconf 61' lang='lat' dir='ltr'>am„</span> <span class='ocrx_word' id='word_1_171' title='bbox 688 1801 727 1861; x_wconf 82' lang='lat'>13,</span> <span class='ocrx_word' id='word_1_172' title='bbox 782 1799 883 1848; x_wconf 83' lang='lat' dir='ltr'>llbenso</span> <span class='ocrx_word' id='word_1_173' title='bbox 891 1799 961 1850; x_wconf 85' lang='lat' dir='ltr'>lehrt</span> <span class='ocrx_word' id='word_1_174' title='bbox 971 1800 1044 1850; x_wconf 84' lang='lat' dir='ltr'>Plato</span> <span class='ocrx_word' id='word_1_175' title='bbox 1055 1815 1135 1866; x_wconf 75' lang='lat' dir='ltr'>syrnp.</span> <span class='ocrx_word' id='word_1_176' title='bbox 1146 1817 1168 1850; x_wconf 92' lang='lat' dir='ltr'>c.</span> <span class='ocrx_word' id='word_1_177' title='bbox 1179 1801 1222 1864; x_wconf 82' lang='lat'>28,</span> <span class='ocrx_word' id='word_1_178' title='bbox 1231 1801 1294 1853; x_wconf 80' lang='lat' dir='ltr'>dass</span> 
     </span>
     <span class='ocr_line' id='line_1_20' title="bbox 219 1865 1295 1929; baseline 0.004 -13"><span class='ocrx_word' id='word_1_179' title='bbox 219 1869 251 1916; x_wconf 79' lang='lat'>47</span> <span class='ocrx_word' id='word_1_180' title='bbox 264 1869 347 1916; x_wconf 82' lang='lat' dir='ltr'>animi</span> <span class='ocrx_word' id='word_1_181' title='bbox 358 1867 418 1916; x_wconf 84' lang='lat' dir='ltr'>bene</span> <span class='ocrx_word' id='word_1_182' title='bbox 430 1869 572 1929; x_wconf 76' lang='lat' dir='ltr'>constituti,</span> <span class='ocrx_word' id='word_1_183' title='bbox 586 1883 626 1916; x_wconf 91' lang='lat' dir='ltr'>wo</span> <span class='ocrx_word' id='word_1_184' title='bbox 636 1867 726 1920; x_wconf 84' lang='lat' dir='ltr'>Nauck</span> <span class='ocrx_word' id='word_1_185' title='bbox 782 1866 827 1917; x_wconf 87' lang='lat' dir='ltr'>der</span> <span class='ocrx_word' id='word_1_186' title='bbox 839 1865 945 1917; x_wconf 85' lang='lat' dir='ltr'>Mensclr</span> <span class='ocrx_word' id='word_1_187' title='bbox 961 1883 1011 1917; x_wconf 90' lang='lat' dir='ltr'>von</span> <span class='ocrx_word' id='word_1_188' title='bbox 1030 1866 1076 1918; x_wconf 86' lang='lat' dir='ltr'>der</span> <span class='ocrx_word' id='word_1_189' title='bbox 1088 1867 1189 1918; x_wconf 81' lang='lat' dir='ltr'>Fraude</span> <span class='ocrx_word' id='word_1_190' title='bbox 1200 1885 1231 1919; x_wconf 90' lang='lat' dir='ltr'>an</span> <span class='ocrx_word' id='word_1_191' title='bbox 1246 1871 1295 1920; x_wconf 84' lang='lat' dir='ltr'>der</span> 
     </span>
     <span class='ocr_line' id='line_1_21' title="bbox 219 1933 1295 1998; baseline 0.003 -14"><span class='ocrx_word' id='word_1_192' title='bbox 219 1933 323 1985; x_wconf 82' lang='lat' dir='ltr'>anldhrt</span> <span class='ocrx_word' id='word_1_193' title='bbox 338 1933 400 1984; x_wconf 84' lang='lat' dir='ltr'>llor.</span> <span class='ocrx_word' id='word_1_194' title='bbox 420 1949 497 1984; x_wconf 77' lang='lat' dir='ltr'>cerm.</span> <span class='ocrx_word' id='word_1_195' title='bbox 515 1935 535 1984; x_wconf 97' lang='lat' dir='ltr'>ll</span> <span class='ocrx_word' id='word_1_196' title='bbox 555 1937 597 1998; x_wconf 88' lang='lat'>10,</span> <span class='ocrx_word' id='word_1_197' title='bbox 619 1937 650 1986; x_wconf 83' lang='lat'>14</span> <span class='ocrx_word' id='word_1_198' title='bbox 667 1936 726 1984; x_wconf 82' lang='lat' dir='ltr'>benc</span> <span class='ocrx_word' id='word_1_199' title='bbox 780 1935 1041 1988; x_wconf 58' lang='lat' dir='ltr'>testemttenonheit</span> <span class='ocrx_word' id='word_1_200' title='bbox 1057 1937 1092 1985; x_wconf 83' lang='lat' dir='ltr'>zn</span> <span class='ocrx_word' id='word_1_201' title='bbox 1105 1936 1160 1986; x_wconf 85' lang='lat' dir='ltr'>dem</span> <span class='ocrx_word' id='word_1_202' title='bbox 1174 1935 1295 1989; x_wconf 84' lang='lat' dir='ltr'>Gelallen</span> 
     </span>
     <span class='ocr_line' id='line_1_22' title="bbox 215 2003 1295 2070; baseline 0.004 -18"><span class='ocrx_word' id='word_1_203' title='bbox 215 2007 407 2070; x_wconf 82' lang='lat' dir='ltr'>praeparatum</span> <span class='ocrx_word' id='word_1_204' title='bbox 416 2007 511 2068; x_wconf 77' lang='lat' dir='ltr'>pectus.</span> <span class='ocrx_word' id='word_1_205' title='bbox 780 2019 813 2052; x_wconf 87' lang='lat' dir='ltr'>au</span> <span class='ocrx_word' id='word_1_206' title='bbox 837 2003 883 2054; x_wconf 87' lang='lat' dir='ltr'>der</span> <span class='ocrx_word' id='word_1_207' title='bbox 909 2003 1035 2067; x_wconf 78' lang='lat' dir='ltr'>geistigen</span> <span class='ocrx_word' id='word_1_208' title='bbox 1066 2005 1203 2056; x_wconf 79' lang='lat' dir='ltr'>Harmonia</span> <span class='ocrx_word' id='word_1_209' title='bbox 1226 2004 1295 2056; x_wconf 85' lang='lat' dir='ltr'>fort-</span> 
     </span>
    </p>

    <p class='ocr_par' dir='ltr' id='par_1_4' title="bbox 214 2069 1298 2948">
     <span class='ocr_line' id='line_1_23' title="bbox 251 2069 1296 2137; baseline 0.004 -17"><span class='ocrx_word' id='word_1_210' title='bbox 251 2073 275 2120; x_wconf 85' lang='lat'>4.</span> <span class='ocrx_word' id='word_1_211' title='bbox 303 2073 477 2137; x_wconf 59' lang='lat' dir='ltr'>praecipienti.</span> <span class='ocrx_word' id='word_1_212' title='bbox 500 2069 666 2132; x_wconf 82' lang='lat' dir='ltr'>Niehtjeder</span> <span class='ocrx_word' id='word_1_213' title='bbox 682 2071 726 2122; x_wconf 87' lang='lat' dir='ltr'>be·</span> <span class='ocrx_word' id='word_1_214' title='bbox 781 2071 899 2120; x_wconf 79' lang='lat' dir='ltr'>schrcite.</span> <span class='ocrx_word' id='word_1_215' title='bbox 924 2071 1008 2121; x_wconf 85' lang='lat' dir='ltr'>defin.</span> <span class='ocrx_word' id='word_1_216' title='bbox 1023 2071 1044 2121; x_wconf 93' lang='lat' dir='ltr'>ll</span> <span class='ocrx_word' id='word_1_217' title='bbox 1059 2073 1098 2132; x_wconf 82' lang='lat'>14,</span> <span class='ocrx_word' id='word_1_218' title='bbox 1112 2073 1144 2123; x_wconf 78' lang='lat' dir='ltr'>tt</span> <span class='ocrx_word' id='word_1_219' title='bbox 1162 2077 1238 2124; x_wconf 74' lang='lat' dir='ltr'>cuiue</span> <span class='ocrx_word' id='word_1_220' title='bbox 1257 2079 1296 2124; x_wconf 75' lang='lat' dir='ltr'>ei·</span> 
     </span>
     <span class='ocr_line' id='line_1_24' title="bbox 217 2136 1295 2206; baseline 0.005 -19"><span class='ocrx_word' id='word_1_221' title='bbox 217 2136 727 2199; x_wconf 63' lang='lat' dir='ltr'>liebigenVorschriltsondernuurder</span> <span class='ocrx_word' id='word_1_222' title='bbox 780 2137 926 2188; x_wconf 78' lang='lat' dir='ltr'>antlitudioe</span> <span class='ocrx_word' id='word_1_223' title='bbox 941 2144 1073 2206; x_wconf 76' lang='lat' dir='ltr'>perspectu</span> <span class='ocrx_word' id='word_1_224' title='bbox 1090 2143 1117 2188; x_wconf 81' lang='lat' dir='ltr'>in</span> <span class='ocrx_word' id='word_1_225' title='bbox 1134 2143 1295 2206; x_wconf 74' lang='lat' dir='ltr'>semorum</span> 
     </span>
     <span class='ocr_line' id='line_1_25' title="bbox 217 2205 1297 2284; baseline 0.005 -30"><span class='ocrx_word' id='word_1_226' title='bbox 217 2205 361 2284; x_wconf 79' lang='lat' dir='ltr'>Belehruog</span> <span class='ocrx_word' id='word_1_227' title='bbox 373 2206 435 2254; x_wconf 91' lang='lat' dir='ltr'>oder</span> <span class='ocrx_word' id='word_1_228' title='bbox 443 2205 616 2269; x_wconf 79' lang='lat' dir='ltr'>gesctzliclren</span> <span class='ocrx_word' id='word_1_229' title='bbox 626 2205 728 2256; x_wconf 75' lang='lat' dir='ltr'>Anord-</span> <span class='ocrx_word' id='word_1_230' title='bbox 781 2208 862 2272; x_wconf 73' lang='lat' dir='ltr'>epeca&#39;e</span> <span class='ocrx_word' id='word_1_231' title='bbox 873 2222 904 2256; x_wconf 84' lang='lat' dir='ltr'>ac</span> <span class='ocrx_word' id='word_1_232' title='bbox 915 2207 1041 2271; x_wconf 55' lang='lat' dir='ltr'>menuae</span> <span class='ocrx_word' id='word_1_233' title='bbox 1052 2211 1195 2258; x_wconf 75' lang='lat' dir='ltr'>uansttom</span> <span class='ocrx_word' id='word_1_234' title='bbox 1207 2213 1247 2259; x_wconf 83' lang='lat' dir='ltr'>eet</span> <span class='ocrx_word' id='word_1_235' title='bbox 1260 2210 1297 2259; x_wconf 86' lang='lat' dir='ltr'>ad</span> 
     </span>
     <span class='ocr_line' id='line_1_26' title="bbox 217 2273 1296 2412; baseline 0.006 -23"><span class='ocrx_word' id='word_1_236' title='bbox 217 2273 729 2410; x_wconf 67' lang='lat' dir='ltr'>tllttld,tttttltttttlttltt·</span> <span class='ocrx_word' id='word_1_237' title='bbox 781 2274 1296 2412; x_wconf 49' lang='lat' dir='ltr'>tltffflttltttttttttttttt:</span> 
     </span>
     <span class='ocr_line' id='line_1_27' title="bbox 217 2409 1296 2476; baseline 0.006 -18"><span class='ocrx_word' id='word_1_238' title='bbox 217 2410 268 2458; x_wconf 89' lang='lat' dir='ltr'>und</span> <span class='ocrx_word' id='word_1_239' title='bbox 281 2411 422 2474; x_wconf 82' lang='lat' dir='ltr'>imperanti</span> <span class='ocrx_word' id='word_1_240' title='bbox 432 2409 522 2460; x_wconf 81' lang='lat' dir='ltr'>lxeiuen</span> <span class='ocrx_word' id='word_1_241' title='bbox 535 2411 606 2460; x_wconf 90' lang='lat' dir='ltr'>Sino.</span> <span class='ocrx_word' id='word_1_242' title='bbox 631 2409 727 2462; x_wconf 85' lang='lat' dir='ltr'>Uener·</span> <span class='ocrx_word' id='word_1_243' title='bbox 781 2413 805 2459; x_wconf 85' lang='lat' dir='ltr'>et</span> <span class='ocrx_word' id='word_1_244' title='bbox 815 2411 1028 2476; x_wconf 71' lang='lat' dir='ltr'>saetis—faeiat</span> <span class='ocrx_word' id='word_1_245' title='bbox 1050 2416 1097 2462; x_wconf 84' lang='lat' dir='ltr'>aut</span> <span class='ocrx_word' id='word_1_246' title='bbox 1114 2416 1225 2476; x_wconf 77' lang='lat' dir='ltr'>cogitet:</span> <span class='ocrx_word' id='word_1_247' title='bbox 1252 2414 1296 2464; x_wconf 87' lang='lat' dir='ltr'>dic</span> 
     </span>
     <span class='ocr_line' id='line_1_28' title="bbox 218 2476 1296 2542; baseline 0.005 -16"><span class='ocrx_word' id='word_1_248' title='bbox 218 2476 416 2528; x_wconf 85' lang='lat' dir='ltr'>dieshiitteCic.</span> <span class='ocrx_word' id='word_1_249' title='bbox 427 2477 561 2528; x_wconf 81' lang='lat' dir='ltr'>schreiben</span> <span class='ocrx_word' id='word_1_250' title='bbox 572 2479 671 2528; x_wconf 90' lang='lat' dir='ltr'>miisseo</span> <span class='ocrx_word' id='word_1_251' title='bbox 682 2481 727 2527; x_wconf 76' lang='lat' dir='ltr'>cart</span> <span class='ocrx_word' id='word_1_252' title='bbox 782 2477 863 2527; x_wconf 85' lang='lat' dir='ltr'>Stellc</span> <span class='ocrx_word' id='word_1_253' title='bbox 884 2478 973 2542; x_wconf 81' lang='lat' dir='ltr'>laidet,</span> <span class='ocrx_word' id='word_1_254' title='bbox 992 2479 1043 2529; x_wconf 88' lang='lat' dir='ltr'>wie</span> <span class='ocrx_word' id='word_1_255' title='bbox 1061 2482 1179 2531; x_wconf 81' lang='lat' dir='ltr'>manetes</span> <span class='ocrx_word' id='word_1_256' title='bbox 1198 2481 1225 2530; x_wconf 85' lang='lat' dir='ltr'>in</span> <span class='ocrx_word' id='word_1_257' title='bbox 1245 2483 1296 2532; x_wconf 89' lang='lat' dir='ltr'>deu</span> 
     </span>
     <span class='ocr_line' id='line_1_29' title="bbox 214 2545 1296 2612; baseline 0.006 -18"><span class='ocrx_word' id='word_1_258' title='bbox 214 2561 302 2612; x_wconf 84' lang='lat' dir='ltr'>praec.</span> <span class='ocrx_word' id='word_1_259' title='bbox 332 2549 358 2595; x_wconf 86' lang='lat' dir='ltr'>et</span> <span class='ocrx_word' id='word_1_260' title='bbox 381 2545 481 2595; x_wconf 80' lang='lat' dir='ltr'>docenti</span> <span class='ocrx_word' id='word_1_261' title='bbox 501 2550 546 2597; x_wconf 82' lang='lat' dir='ltr'>aut</span> <span class='ocrx_word' id='word_1_262' title='bbox 558 2548 726 2612; x_wconf 73' lang='lat' dir='ltr'>-e&#39;mperantd</span> <span class='ocrx_word' id='word_1_263' title='bbox 780 2545 896 2595; x_wconf 87' lang='lat' dir='ltr'>Biichern</span> <span class='ocrx_word' id='word_1_264' title='bbox 915 2547 945 2596; x_wconf 91' lang='lat' dir='ltr'>de</span> <span class='ocrx_word' id='word_1_265' title='bbox 963 2546 1019 2610; x_wconf 71' lang='lat' dir='ltr'>oli,</span> <span class='ocrx_word' id='word_1_266' title='bbox 1038 2562 1070 2596; x_wconf 84' lang='lat' dir='ltr'>an</span> <span class='ocrx_word' id='word_1_267' title='bbox 1089 2548 1162 2597; x_wconf 85' lang='lat' dir='ltr'>einer·</span> <span class='ocrx_word' id='word_1_268' title='bbox 1180 2548 1296 2612; x_wconf 72' lang='lat' dir='ltr'>liistigeu</span> 
     </span>
     <span class='ocr_line' id='line_1_30' title="bbox 220 2613 1297 2680; baseline 0.005 -18"><span class='ocrx_word' id='word_1_269' title='bbox 220 2613 445 2662; x_wconf 83' lang='lat' dir='ltr'>Walrrscheinlich</span> <span class='ocrx_word' id='word_1_270' title='bbox 455 2614 491 2664; x_wconf 90' lang='lat' dir='ltr'>ist</span> <span class='ocrx_word' id='word_1_271' title='bbox 503 2617 615 2680; x_wconf 76' lang='lat' dir='ltr'>praecep.</span> <span class='ocrx_word' id='word_1_272' title='bbox 628 2615 667 2663; x_wconf 85' lang='lat' dir='ltr'>als</span> <span class='ocrx_word' id='word_1_273' title='bbox 677 2614 727 2662; x_wconf 83' lang='lat' dir='ltr'>Er·</span> <span class='ocrx_word' id='word_1_274' title='bbox 781 2613 876 2680; x_wconf 85' lang='lat' dir='ltr'>Breite.</span> <span class='ocrx_word' id='word_1_275' title='bbox 894 2614 1037 2678; x_wconf 77' lang='lat' dir='ltr'>Heusinger</span> <span class='ocrx_word' id='word_1_276' title='bbox 1051 2615 1140 2665; x_wconf 87' lang='lat' dir='ltr'>wolltc</span> <span class='ocrx_word' id='word_1_277' title='bbox 1153 2617 1241 2666; x_wconf 84' lang='lat' dir='ltr'>derum</span> <span class='ocrx_word' id='word_1_278' title='bbox 1250 2617 1297 2668; x_wconf 88' lang='lat' dir='ltr'>die</span> 
     </span>
     <span class='ocr_line' id='line_1_31' title="bbox 217 2679 1297 2746; baseline 0.006 -18"><span class='ocrx_word' id='word_1_279' title='bbox 217 2679 328 2744; x_wconf 77' lang='lat' dir='ltr'>lxliirung</span> <span class='ocrx_word' id='word_1_280' title='bbox 340 2679 487 2743; x_wconf 62' lang='lat' dir='ltr'>adducente}</span> <span class='ocrx_word' id='word_1_281' title='bbox 501 2682 544 2731; x_wconf 88' lang='lat' dir='ltr'>das</span> <span class='ocrx_word' id='word_1_282' title='bbox 557 2681 599 2730; x_wconf 84' lang='lat' dir='ltr'>liir</span> <span class='ocrx_word' id='word_1_283' title='bbox 611 2682 726 2732; x_wconf 84' lang='lat' dir='ltr'>sittlicha</span> <span class='ocrx_word' id='word_1_284' title='bbox 780 2681 876 2732; x_wconf 85' lang='lat' dir='ltr'>Worte</span> <span class='ocrx_word' id='word_1_285' title='bbox 892 2682 990 2746; x_wconf 80' lang='lat' dir='ltr'>faciat,</span> <span class='ocrx_word' id='word_1_286' title='bbox 1014 2687 1070 2734; x_wconf 78' lang='lat' dir='ltr'>taem</span> <span class='ocrx_word' id='word_1_287' title='bbox 1086 2686 1113 2734; x_wconf 82' lang='lat' dir='ltr'>io</span> <span class='ocrx_word' id='word_1_288' title='bbox 1131 2687 1251 2734; x_wconf 76' lang='lat' dir='ltr'>omnibus</span> <span class='ocrx_word' id='word_1_289' title='bbox 1269 2689 1297 2736; x_wconf 84' lang='lat' dir='ltr'>et</span> 
     </span>
     <span class='ocr_line' id='line_1_32' title="bbox 218 2748 1223 2816; baseline 0.005 -19"><span class='ocrx_word' id='word_1_290' title='bbox 218 2748 363 2811; x_wconf 79' lang='lat' dir='ltr'>Belehrung</span> <span class='ocrx_word' id='word_1_291' title='bbox 392 2748 507 2812; x_wconf 79' lang='lat' dir='ltr'>weniger</span> <span class='ocrx_word' id='word_1_292' title='bbox 535 2749 644 2813; x_wconf 86' lang='lat' dir='ltr'>pusseud</span> <span class='ocrx_word' id='word_1_293' title='bbox 666 2749 727 2798; x_wconf 79' lang='lat' dir='ltr'>oder</span> <span class='ocrx_word' id='word_1_294' title='bbox 782 2750 1223 2816; x_wconf 63' lang='lat' dir='ltr'>opiomaidusetsactanstrciehen.</span> 
     </span>
     <span class='ocr_line' id='line_1_33' title="bbox 219 2815 1297 2887; baseline 0.008 -25"><span class='ocrx_word' id='word_1_295' title='bbox 219 2815 332 2864; x_wconf 87' lang='lat' dir='ltr'>deutlich</span> <span class='ocrx_word' id='word_1_296' title='bbox 345 2815 441 2877; x_wconf 85' lang='lat' dir='ltr'>schien,</span> <span class='ocrx_word' id='word_1_297' title='bbox 455 2816 481 2864; x_wconf 91' lang='lat' dir='ltr'>iu</span> <span class='ocrx_word' id='word_1_298' title='bbox 491 2816 539 2866; x_wconf 91' lang='lat' dir='ltr'>den</span> <span class='ocrx_word' id='word_1_299' title='bbox 548 2816 616 2867; x_wconf 82' lang='lat' dir='ltr'>Text</span> <span class='ocrx_word' id='word_1_300' title='bbox 625 2817 727 2878; x_wconf 79' lang='lat' dir='ltr'>gekom·</span> <span class='ocrx_word' id='word_1_301' title='bbox 818 2817 858 2866; x_wconf 85' lang='grc'>16.</span> <span class='ocrx_word' id='word_1_302' title='bbox 881 2817 1225 2870; x_wconf 59' lang='grc' dir='ltr'>τιοὺίἱίίαἰιιηιινηαίίίωάίηί</span> <span class='ocrx_word' id='word_1_303' title='bbox 1233 2836 1297 2887; x_wconf 81' lang='lat' dir='ltr'>pro-</span> 
     </span>
     <span class='ocr_line' id='line_1_34' title="bbox 218 2886 1298 2948; baseline 0.006 -16"><span class='ocrx_word' id='word_1_304' title='bbox 218 2899 282 2933; x_wconf 88' lang='lat' dir='ltr'>men.</span> <span class='ocrx_word' id='word_1_305' title='bbox 781 2887 887 2948; x_wconf 82' lang='lat' dir='ltr'>datum,</span> <span class='ocrx_word' id='word_1_306' title='bbox 903 2886 929 2934; x_wconf 92' lang='lat' dir='ltr'>iu</span> <span class='ocrx_word' id='word_1_307' title='bbox 947 2887 1003 2936; x_wconf 88' lang='lat' dir='ltr'>dem</span> <span class='ocrx_word' id='word_1_308' title='bbox 1016 2886 1094 2937; x_wconf 84' lang='lat' dir='ltr'>Since</span> <span class='ocrx_word' id='word_1_309' title='bbox 1112 2903 1162 2940; x_wconf 90' lang='lat' dir='ltr'>von</span> <span class='ocrx_word' id='word_1_310' title='bbox 1175 2889 1298 2938; x_wconf 75' lang='lat' dir='ltr'>comibus</span> 
     </span>
    </p>

    <p class='ocr_par' dir='ltr' id='par_1_5' title="bbox 216 2952 1318 3290">
     <span class='ocr_line' id='line_1_35' title="bbox 254 2952 1298 3019; baseline 0.006 -19"><span class='ocrx_word' id='word_1_311' title='bbox 254 2953 277 3000; x_wconf 79' lang='lat'>5.</span> <span class='ocrx_word' id='word_1_312' title='bbox 301 2952 477 3000; x_wconf 75' lang='lat' dir='ltr'>humanorum</span> <span class='ocrx_word' id='word_1_313' title='bbox 488 2956 726 3002; x_wconf 55' lang='lat' dir='ltr'>remanentem·</span> <span class='ocrx_word' id='word_1_314' title='bbox 780 2957 871 3004; x_wconf 79' lang='lat' dir='ltr'>uotum</span> <span class='ocrx_word' id='word_1_315' title='bbox 881 2954 951 3004; x_wconf 80' lang='lat' dir='ltr'>steht</span> <span class='ocrx_word' id='word_1_316' title='bbox 963 2970 991 3004; x_wconf 85' lang='lat' dir='ltr'>es</span> <span class='ocrx_word' id='word_1_317' title='bbox 1005 2953 1050 3019; x_wconf 79' lang='lat'>11§</span> <span class='ocrx_word' id='word_1_318' title='bbox 1062 2955 1103 3005; x_wconf 78' lang='lat'>26.</span> <span class='ocrx_word' id='word_1_319' title='bbox 1130 2956 1177 3008; x_wconf 85' lang='lat' dir='ltr'>uie</span> <span class='ocrx_word' id='word_1_320' title='bbox 1189 2955 1298 3006; x_wconf 82' lang='lat' dir='ltr'>Stoiker</span> 
     </span>
     <span class='ocr_line' id='line_1_36' title="bbox 218 3017 1318 3088; baseline 0.006 -21"><span class='ocrx_word' id='word_1_321' title='bbox 218 3033 285 3068; x_wconf 85' lang='lat' dir='ltr'>rum.</span> <span class='ocrx_word' id='word_1_322' title='bbox 310 3017 344 3067; x_wconf 91' lang='lat' dir='ltr'>So</span> <span class='ocrx_word' id='word_1_323' title='bbox 354 3019 458 3069; x_wconf 85' lang='lat' dir='ltr'>worden</span> <span class='ocrx_word' id='word_1_324' title='bbox 467 3020 518 3069; x_wconf 90' lang='lat' dir='ltr'>alle</span> <span class='ocrx_word' id='word_1_325' title='bbox 529 3021 633 3070; x_wconf 82' lang='lat' dir='ltr'>iussero</span> <span class='ocrx_word' id='word_1_326' title='bbox 644 3018 728 3072; x_wconf 85' lang='lat' dir='ltr'>Giiter</span> <span class='ocrx_word' id='word_1_327' title='bbox 779 3022 880 3072; x_wconf 85' lang='lat' dir='ltr'>lehrtcn</span> <span class='ocrx_word' id='word_1_328' title='bbox 904 3021 938 3086; x_wconf 84' lang='lat' dir='ltr'>irp</span> <span class='ocrx_word' id='word_1_329' title='bbox 961 3019 1106 3086; x_wconf 78' lang='lat' dir='ltr'>Gegensctz</span> <span class='ocrx_word' id='word_1_330' title='bbox 1127 3040 1160 3073; x_wconf 82' lang='lat' dir='ltr'>zu</span> <span class='ocrx_word' id='word_1_331' title='bbox 1185 3023 1318 3088; x_wconf 53' lang='lat' dir='ltr'>Epikur„</span> 
     </span>
     <span class='ocr_line' id='line_1_37' title="bbox 216 3084 1296 3157; baseline 0.006 -22"><span class='ocrx_word' id='word_1_332' title='bbox 216 3087 266 3136; x_wconf 90' lang='lat' dir='ltr'>und</span> <span class='ocrx_word' id='word_1_333' title='bbox 288 3084 379 3149; x_wconf 86' lang='lat' dir='ltr'>Uebcl‚</span> <span class='ocrx_word' id='word_1_334' title='bbox 397 3085 479 3137; x_wconf 82' lang='lat' dir='ltr'>Gliiclx</span> <span class='ocrx_word' id='word_1_335' title='bbox 496 3089 546 3137; x_wconf 87' lang='lat' dir='ltr'>und</span> <span class='ocrx_word' id='word_1_336' title='bbox 560 3087 675 3151; x_wconf 82' lang='lat' dir='ltr'>Ungliiclx</span> <span class='ocrx_word' id='word_1_337' title='bbox 692 3089 726 3139; x_wconf 90' lang='lat' dir='ltr'>im</span> <span class='ocrx_word' id='word_1_338' title='bbox 781 3091 841 3140; x_wconf 83' lang='lat' dir='ltr'>dass</span> <span class='ocrx_word' id='word_1_339' title='bbox 865 3090 910 3140; x_wconf 85' lang='lat' dir='ltr'>das</span> <span class='ocrx_word' id='word_1_340' title='bbox 938 3091 1072 3142; x_wconf 66' lang='lat' dir='ltr'>tanatem</span> <span class='ocrx_word' id='word_1_341' title='bbox 1099 3087 1193 3157; x_wconf 74' lang='grc' dir='ltr'><strong><em>φύσει,</em></strong></span> <span class='ocrx_word' id='word_1_342' title='bbox 1220 3092 1296 3142; x_wconf 87' lang='lat' dir='ltr'>nicht</span> 
     </span>
     <span class='ocr_line' id='line_1_38' title="bbox 218 3153 1296 3223; baseline 0.006 -19"><span class='ocrx_word' id='word_1_343' title='bbox 218 3155 363 3217; x_wconf 80' lang='lat' dir='ltr'>Gegousatz</span> <span class='ocrx_word' id='word_1_344' title='bbox 381 3169 427 3204; x_wconf 85' lang='lat' dir='ltr'>zur</span> <span class='ocrx_word' id='word_1_345' title='bbox 438 3153 543 3217; x_wconf 82' lang='lat' dir='ltr'>Tugend</span> <span class='ocrx_word' id='word_1_346' title='bbox 561 3164 684 3220; x_wconf 80' lang='lat' dir='ltr'>genannt3</span> <span class='ocrx_word' id='word_1_347' title='bbox 703 3173 725 3206; x_wconf 84' lang='lat' dir='ltr'>s.</span> <span class='ocrx_word' id='word_1_348' title='bbox 779 3157 858 3209; x_wconf 74' lang='lat' dir='ltr'>uteo</span> <span class='ocrx_word' id='word_1_349' title='bbox 872 3159 919 3220; x_wconf 89' lang='lat' dir='ltr'>sei,</span> <span class='ocrx_word' id='word_1_350' title='bbox 933 3159 956 3208; x_wconf 94' lang='lat' dir='ltr'>d.</span> <span class='ocrx_word' id='word_1_351' title='bbox 965 3157 995 3208; x_wconf 80' lang='lat' dir='ltr'>&#39;ln</span> <span class='ocrx_word' id='word_1_352' title='bbox 1008 3159 1067 3210; x_wconf 83' lang='lat' dir='ltr'>dass</span> <span class='ocrx_word' id='word_1_353' title='bbox 1079 3159 1121 3209; x_wconf 89' lang='lat' dir='ltr'>die</span> <span class='ocrx_word' id='word_1_354' title='bbox 1134 3158 1241 3223; x_wconf 82' lang='lat' dir='ltr'>&#39;l&#39;ugend</span> <span class='ocrx_word' id='word_1_355' title='bbox 1253 3159 1296 3210; x_wconf 82' lang='lat' dir='ltr'>iln-</span> 
     </span>
     <span class='ocr_line' id='line_1_39' title="bbox 216 3221 1295 3290; baseline 0.006 -18"><span class='ocrx_word' id='word_1_356' title='bbox 216 3221 369 3287; x_wconf 75' lang='lat' dir='ltr'>Einl.§17.</span> <span class='ocrx_word' id='word_1_357' title='bbox 780 3241 834 3276; x_wconf 87' lang='lat' dir='ltr'>rem</span> <span class='ocrx_word' id='word_1_358' title='bbox 854 3226 951 3277; x_wconf 84' lang='lat' dir='ltr'>Wesen</span> <span class='ocrx_word' id='word_1_359' title='bbox 964 3229 1039 3290; x_wconf 81' lang='lat' dir='ltr'>nacla,</span> <span class='ocrx_word' id='word_1_360' title='bbox 1064 3227 1224 3290; x_wconf 78' lang='lat' dir='ltr'>unabhiingig</span> <span class='ocrx_word' id='word_1_361' title='bbox 1242 3243 1295 3289; x_wconf 69' lang='lat' dir='ltr'>ron</span> 
     </span>
    </p>

    <p class='ocr_par' dir='ltr' id='par_1_6' title="bbox 215 3290 1295 3558">
     <span class='ocr_line' id='line_1_40' title="bbox 252 3290 1295 3358; baseline 0.006 -19"><span class='ocrx_word' id='word_1_362' title='bbox 252 3290 275 3339; x_wconf 81' lang='lat'>9.</span> <span class='ocrx_word' id='word_1_363' title='bbox 306 3293 409 3358; x_wconf 79' lang='lat' dir='ltr'>aspectu</span> <span class='ocrx_word' id='word_1_364' title='bbox 431 3295 495 3341; x_wconf 74' lang='lat' dir='ltr'>serat.</span> <span class='ocrx_word' id='word_1_365' title='bbox 527 3293 564 3342; x_wconf 87' lang='lat' dir='ltr'>Da</span> <span class='ocrx_word' id='word_1_366' title='bbox 582 3293 627 3344; x_wconf 83' lang='lat' dir='ltr'>des</span> <span class='ocrx_word' id='word_1_367' title='bbox 647 3291 726 3344; x_wconf 90' lang='lat' dir='ltr'>Wort</span> <span class='ocrx_word' id='word_1_368' title='bbox 778 3294 835 3345; x_wconf 84' lang='lat' dir='ltr'>dero</span> <span class='ocrx_word' id='word_1_369' title='bbox 863 3293 980 3346; x_wconf 82' lang='lat' dir='ltr'>Urthcile</span> <span class='ocrx_word' id='word_1_370' title='bbox 1003 3297 1050 3345; x_wconf 91' lang='lat' dir='ltr'>der</span> <span class='ocrx_word' id='word_1_371' title='bbox 1072 3294 1223 3358; x_wconf 64' lang='lat' dir='ltr'>Meneclem</span> <span class='ocrx_word' id='word_1_372' title='bbox 1247 3295 1295 3346; x_wconf 86' lang='lat' dir='ltr'>das</span> 
     </span>
     <span class='ocr_line' id='line_1_41' title="bbox 215 3356 1294 3426; baseline 0.007 -18"><span class='ocrx_word' id='word_1_373' title='bbox 215 3356 321 3409; x_wconf 60' lang='lat' dir='ltr'>caindo</span> <span class='ocrx_word' id='word_1_374' title='bbox 338 3376 368 3408; x_wconf 86' lang='lat' dir='ltr'>zu</span> <span class='ocrx_word' id='word_1_375' title='bbox 385 3358 438 3409; x_wconf 86' lang='lat' dir='ltr'>Cic.</span> <span class='ocrx_word' id='word_1_376' title='bbox 456 3359 516 3410; x_wconf 86' lang='lat' dir='ltr'>Zeit</span> <span class='ocrx_word' id='word_1_377' title='bbox 529 3362 593 3410; x_wconf 89' lang='lat' dir='ltr'>uoeh</span> <span class='ocrx_word' id='word_1_378' title='bbox 606 3360 678 3411; x_wconf 90' lang='lat' dir='ltr'>nicht</span> <span class='ocrx_word' id='word_1_379' title='bbox 691 3361 725 3411; x_wconf 88' lang='lat' dir='ltr'>im</span> <span class='ocrx_word' id='word_1_380' title='bbox 780 3359 847 3412; x_wconf 86' lang='lat' dir='ltr'>Gute</span> <span class='ocrx_word' id='word_1_381' title='bbox 859 3363 909 3412; x_wconf 90' lang='lat' dir='ltr'>und</span> <span class='ocrx_word' id='word_1_382' title='bbox 923 3362 1123 3414; x_wconf 85' lang='lat' dir='ltr'>Lobeuswerthe</span> <span class='ocrx_word' id='word_1_383' title='bbox 1135 3363 1189 3426; x_wconf 82' lang='lat' dir='ltr'>sei;</span> <span class='ocrx_word' id='word_1_384' title='bbox 1204 3365 1235 3416; x_wconf 86' lang='lat' dir='ltr'>de</span> <span class='ocrx_word' id='word_1_385' title='bbox 1247 3364 1294 3416; x_wconf 83' lang='lat' dir='ltr'>fio.</span> 
     </span>
     <span class='ocr_line' id='line_1_42' title="bbox 217 3426 1294 3498; baseline 0.004 -21"><span class='ocrx_word' id='word_1_386' title='bbox 217 3426 352 3478; x_wconf 85' lang='lat' dir='ltr'>Gebrauclr</span> <span class='ocrx_word' id='word_1_387' title='bbox 369 3443 439 3491; x_wconf 86' lang='lat' dir='ltr'>war,</span> <span class='ocrx_word' id='word_1_388' title='bbox 457 3429 612 3478; x_wconf 84' lang='lat' dir='ltr'>umschreibt</span> <span class='ocrx_word' id='word_1_389' title='bbox 630 3427 724 3478; x_wconf 87' lang='lat' dir='ltr'>erden</span> <span class='ocrx_word' id='word_1_390' title='bbox 781 3429 803 3480; x_wconf 92' lang='lat' dir='ltr'>ll</span> <span class='ocrx_word' id='word_1_391' title='bbox 829 3433 873 3494; x_wconf 83' lang='lat'>15,</span> <span class='ocrx_word' id='word_1_392' title='bbox 895 3431 928 3480; x_wconf 83' lang='lat'>49</span> <span class='ocrx_word' id='word_1_393' title='bbox 951 3430 1018 3494; x_wconf 84' lang='lat' dir='ltr'>quod</span> <span class='ocrx_word' id='word_1_394' title='bbox 1035 3433 1069 3480; x_wconf 79' lang='lat' dir='ltr'>ait</span> <span class='ocrx_word' id='word_1_395' title='bbox 1092 3433 1178 3497; x_wconf 79' lang='lat' dir='ltr'>iprum</span> <span class='ocrx_word' id='word_1_396' title='bbox 1199 3447 1247 3498; x_wconf 82' lang='lat' dir='ltr'>per</span> <span class='ocrx_word' id='word_1_397' title='bbox 1264 3448 1294 3482; x_wconf 79' lang='lat' dir='ltr'>ec</span> 
     </span>
     <span class='ocr_line' id='line_1_43' title="bbox 217 3494 1293 3558; baseline 0.007 -16"><span class='ocrx_word' id='word_1_398' title='bbox 217 3494 315 3558; x_wconf 78' lang='lat' dir='ltr'>Begrill</span> <span class='ocrx_word' id='word_1_399' title='bbox 323 3494 369 3545; x_wconf 81' lang='lat' dir='ltr'>aul</span> <span class='ocrx_word' id='word_1_400' title='bbox 378 3495 449 3546; x_wconf 89' lang='lat' dir='ltr'>diese</span> <span class='ocrx_word' id='word_1_401' title='bbox 463 3495 563 3547; x_wconf 77' lang='lat' dir='ltr'>Weiss.</span> <span class='ocrx_word' id='word_1_402' title='bbox 780 3501 878 3548; x_wconf 83' lang='lat' dir='ltr'>rectum</span> <span class='ocrx_word' id='word_1_403' title='bbox 890 3501 915 3548; x_wconf 81' lang='lat' dir='ltr'>at</span> <span class='ocrx_word' id='word_1_404' title='bbox 932 3497 1070 3558; x_wconf 76' lang='lat' dir='ltr'>laududi103</span> <span class='ocrx_word' id='word_1_405' title='bbox 1090 3502 1176 3548; x_wconf 77' lang='lat' dir='ltr'>tamon</span> <span class='ocrx_word' id='word_1_406' title='bbox 1192 3515 1243 3550; x_wconf 80' lang='lat' dir='ltr'>non</span> <span class='ocrx_word' id='word_1_407' title='bbox 1261 3502 1293 3550; x_wconf 82' lang='lat' dir='ltr'>ob</span> 
     </span>
    </p>

    <p class='ocr_par' dir='ltr' id='par_1_7' title="bbox 215 3563 1292 3904">
     <span class='ocr_line' id='line_1_44' title="bbox 253 3563 1292 3630; baseline 0.007 -19"><span class='ocrx_word' id='word_1_408' title='bbox 253 3565 291 3612; x_wconf 90' lang='grc'>10.</span> <span class='ocrx_word' id='word_1_409' title='bbox 306 3563 727 3627; x_wconf 78' lang='lat' dir='ltr'>qucmrimilitudinem,d.i.cuius</span> <span class='ocrx_word' id='word_1_410' title='bbox 779 3581 838 3614; x_wconf 84' lang='lat' dir='ltr'>eam</span> <span class='ocrx_word' id='word_1_411' title='bbox 848 3581 954 3615; x_wconf 78' lang='lat' dir='ltr'>caurum</span> <span class='ocrx_word' id='word_1_412' title='bbox 963 3565 1220 3618; x_wconf 77' lang='lat' dir='ltr'>illudde&#39;cidonestum</span> <span class='ocrx_word' id='word_1_413' title='bbox 1226 3585 1292 3630; x_wconf 68' lang='lat' dir='ltr'>msc,</span> 
     </span>
     <span class='ocr_line' id='line_1_45' title="bbox 215 3630 1292 3699; baseline 0.007 -21"><span class='ocrx_word' id='word_1_414' title='bbox 215 3631 255 3678; x_wconf 83' lang='lat' dir='ltr'>rei</span> <span class='ocrx_word' id='word_1_415' title='bbox 263 3630 466 3694; x_wconf 80' lang='lat' dir='ltr'>similitudinem,</span> <span class='ocrx_word' id='word_1_416' title='bbox 471 3633 512 3682; x_wconf 89' lang='lat' dir='ltr'>die</span> <span class='ocrx_word' id='word_1_417' title='bbox 519 3632 652 3696; x_wconf 77' lang='lat' dir='ltr'>‘Analogie</span> <span class='ocrx_word' id='word_1_418' title='bbox 658 3631 726 3682; x_wconf 87' lang='lat' dir='ltr'>hier·</span> <span class='ocrx_word' id='word_1_419' title='bbox 779 3635 839 3697; x_wconf 69' lang='lat' dir='ltr'>qum</span> <span class='ocrx_word' id='word_1_420' title='bbox 848 3631 967 3684; x_wconf 64' lang='lat' dir='ltr'>medetur</span> <span class='ocrx_word' id='word_1_421' title='bbox 978 3649 996 3682; x_wconf 88' lang='lat' dir='ltr'>a</span> <span class='ocrx_word' id='word_1_422' title='bbox 1006 3633 1109 3698; x_wconf 79' lang='lat' dir='ltr'>multis,</span> <span class='ocrx_word' id='word_1_423' title='bbox 1120 3634 1232 3699; x_wconf 81' lang='lat' dir='ltr'>eedquia</span> <span class='ocrx_word' id='word_1_424' title='bbox 1239 3634 1292 3685; x_wconf 78' lang='lat' dir='ltr'>tale</span> 
     </span>
     <span class='ocr_line' id='line_1_46' title="bbox 216 3697 1291 3767; baseline 0.007 -21"><span class='ocrx_word' id='word_1_425' title='bbox 216 3699 263 3746; x_wconf 79' lang='lat' dir='ltr'>zu’.</span> <span class='ocrx_word' id='word_1_426' title='bbox 278 3698 309 3747; x_wconf 88' lang='lat' dir='ltr'>dc</span> <span class='ocrx_word' id='word_1_427' title='bbox 321 3697 363 3746; x_wconf 87' lang='lat' dir='ltr'>liu.</span> <span class='ocrx_word' id='word_1_428' title='bbox 377 3699 398 3750; x_wconf 96' lang='lat' dir='ltr'>V</span> <span class='ocrx_word' id='word_1_429' title='bbox 415 3699 455 3762; x_wconf 82' lang='lat'>15,</span> <span class='ocrx_word' id='word_1_430' title='bbox 468 3701 500 3750; x_wconf 78' lang='lat' dir='ltr'>ta</span> <span class='ocrx_word' id='word_1_431' title='bbox 513 3716 591 3765; x_wconf 85' lang='lat' dir='ltr'>quam</span> <span class='ocrx_word' id='word_1_432' title='bbox 602 3699 725 3750; x_wconf 78' lang='lat' dir='ltr'>similitu·</span> <span class='ocrx_word' id='word_1_433' title='bbox 778 3703 821 3763; x_wconf 77' lang='lat' dir='ltr'>sit,</span> <span class='ocrx_word' id='word_1_434' title='bbox 833 3705 869 3762; x_wconf 80' lang='lat' dir='ltr'>ut,</span> <span class='ocrx_word' id='word_1_435' title='bbox 886 3699 925 3750; x_wconf 82' lang='lat' dir='ltr'>vel</span> <span class='ocrx_word' id='word_1_436' title='bbox 934 3704 960 3751; x_wconf 83' lang='lat' dir='ltr'>ei</span> <span class='ocrx_word' id='word_1_437' title='bbox 971 3703 1123 3767; x_wconf 46' lang='lat' dir='ltr'>&amp;rorarent</span> <span class='ocrx_word' id='word_1_438' title='bbox 1135 3703 1163 3752; x_wconf 82' lang='lat' dir='ltr'>a&#39;d</span> <span class='ocrx_word' id='word_1_439' title='bbox 1172 3705 1291 3754; x_wconf 73' lang='lat' dir='ltr'>domines</span> 
     </span>
     <span class='ocr_line' id='line_1_47' title="bbox 216 3763 1290 3837; baseline 0.007 -23"><span class='ocrx_word' id='word_1_440' title='bbox 216 3763 303 3814; x_wconf 79' lang='lat' dir='ltr'>dinem</span> <span class='ocrx_word' id='word_1_441' title='bbox 320 3763 434 3815; x_wconf 81' lang='lat' dir='ltr'>videmus</span> <span class='ocrx_word' id='word_1_442' title='bbox 452 3769 479 3816; x_wconf 82' lang='lat' dir='ltr'>in</span> <span class='ocrx_word' id='word_1_443' title='bbox 498 3769 592 3818; x_wconf 71' lang='lat' dir='ltr'>bestiis</span> <span class='ocrx_word' id='word_1_444' title='bbox 622 3768 652 3816; x_wconf 92' lang='lat' dir='ltr'>de</span> <span class='ocrx_word' id='word_1_445' title='bbox 671 3775 723 3817; x_wconf 88' lang='lat' dir='ltr'>nut.</span> <span class='ocrx_word' id='word_1_446' title='bbox 778 3766 816 3818; x_wconf 82' lang='lat' dir='ltr'>vel</span> <span class='ocrx_word' id='word_1_447' title='bbox 825 3771 851 3817; x_wconf 79' lang='lat' dir='ltr'>si</span> <span class='ocrx_word' id='word_1_448' title='bbox 861 3769 1055 3832; x_wconf 65' lang='lat' dir='ltr'>metuissent,</span> <span class='ocrx_word' id='word_1_449' title='bbox 1071 3785 1120 3820; x_wconf 76' lang='lat' dir='ltr'>cua</span> <span class='ocrx_word' id='word_1_450' title='bbox 1132 3774 1219 3820; x_wconf 78' lang='lat' dir='ltr'>tameo</span> <span class='ocrx_word' id='word_1_451' title='bbox 1228 3770 1290 3837; x_wconf 82' lang='lat' dir='ltr'>pad-</span> 
     </span>
     <span class='ocr_line' id='line_1_48' title="bbox 217 3831 1286 3904; baseline 0.007 -22"><span class='ocrx_word' id='word_1_452' title='bbox 217 3833 286 3882; x_wconf 86' lang='lat' dir='ltr'>deor.</span> <span class='ocrx_word' id='word_1_453' title='bbox 298 3831 319 3882; x_wconf 88' lang='lat' dir='ltr'>ll</span> <span class='ocrx_word' id='word_1_454' title='bbox 340 3836 379 3899; x_wconf 83' lang='lat'>10,</span> <span class='ocrx_word' id='word_1_455' title='bbox 392 3833 423 3882; x_wconf 80' lang='lat' dir='ltr'>tt</span> <span class='ocrx_word' id='word_1_456' title='bbox 438 3850 516 3900; x_wconf 84' lang='lat' dir='ltr'>quam</span> <span class='ocrx_word' id='word_1_457' title='bbox 527 3834 724 3886; x_wconf 67' lang='lat' dir='ltr'>similitudinem</span> <span class='ocrx_word' id='word_1_458' title='bbox 777 3835 922 3888; x_wconf 72' lang='lat' dir='ltr'>caritudine</span> <span class='ocrx_word' id='word_1_459' title='bbox 930 3841 998 3887; x_wconf 78' lang='lat' dir='ltr'>esset</span> <span class='ocrx_word' id='word_1_460' title='bbox 1011 3841 1137 3904; x_wconf 71' lang='lat' dir='ltr'>spec-mque</span> <span class='ocrx_word' id='word_1_461' title='bbox 1152 3837 1286 3890; x_wconf 77' lang='lat' dir='ltr'>laudabile.</span> 
     </span>
    </p>
   </div>
   <div class='ocr_carea' id='block_1_4' title="bbox 218 4096 835 4456">
    <p class='ocr_par' dir='ltr' id='par_1_8' title="bbox 218 4096 835 4456">
     <span class='ocr_line' id='line_1_49' title="bbox 218 4096 835 4456; baseline 0 0"><span class='ocrx_word' id='word_1_462' title='bbox 218 4096 642 4456; x_wconf 70' lang='lat' dir='ltr'>rr</span> <span class='ocrx_word' id='word_1_463' title='bbox 679 4314 835 4456; x_wconf 59' lang='lat' dir='ltr'>ss</span> 
     </span>
    </p>
   </div>
   <div class='ocr_carea' id='block_1_5' title="bbox 0 0 1388 4501">
    <p class='ocr_par' dir='ltr' id='par_1_9' title="bbox 0 0 1388 4501">
     <span class='ocr_line' id='line_1_50' title="bbox 0 0 1388 4501; baseline 0 0"><span class='ocrx_word' id='word_1_464' title='bbox 0 0 1388 4501; x_wconf 95' lang='lat' dir='ltr'> </span> 
     </span>
    </p>
   </div>
  </div>
 </body>
</html>
