2768 4498
227 266 288 327 164
501 262 545 312 nu
563 259 699 312 ouutctts
711 259 769 310 Llss.
782 259 810 310 ll.
833 259 909 342 'CAR
924 262 963 312 19.
977 261 1017 310 20.

227 428 305 490 tcm;
321 418 399 496 quod
416 417 467 496 qni
482 417 596 477 faciunt
611 415 772 494 plurimum
786 414 895 493 gratiae
904 422 1131 494 consequuntur
1138 415 1291 478 latissime-

177 511 211 561 68
230 523 287 584 qne
303 521 406 564 eorum
425 510 526 563 manat
540 501 696 562 industria.
728 501 789 560 lam
806 500 876 560 illud
893 517 953 560 non
970 508 1041 561 suut
1056 500 1240 562 admonendi
1254 535 1292 544 -

230 598 277 649 θεῖ
292 589 373 648 enim
389 589 420 648 in
436 595 634 667 prompttt-,
647 595 681 647 ut
696 586 943 658 animadvertant,
957 604 1026 646 cum
1041 585 1141 646 iuvare
1157 588 1231 649 alios
1247 606 1292 646 ve-

229 675 293 746 lint,
309 691 439 753 nequas
455 673 616 733 ollendant.
642 672 736 750 Saepe
749 671 829 731 enim
848 681 899 731 ant
922 690 972 731 eos
988 671 1119 744 laedunt,
1136 691 1213 750 qnos
1236 690 1292 732 non

230 760 349 831 debent,
366 771 416 819 ant
432 777 491 827 θοε,
508 777 583 837 quos
599 775 660 816 nou
674 757 810 836 expedit:
834 756 859 816 si
873 756 1079 835 inprudentes,
1096 758 1293 837 neglegentiae
1308 766 1321 812 5

230 853 285 912 est,
301 845 326 905 si
341 845 479 916 scientes
495 843 680 904 temeritatis.
703 843 855 902 Utendum
872 842 961 902 etiam
977 849 1021 902 est
1037 845 1230 904 excusatione
1245 843 1293 902 ad-

150 983 154 992 ,
229 948 331 1007 versus
348 948 408 1000 eos,
424 948 499 1008 quos
514 929 626 989 invitus
638 927 781 1000 ollendas,
794 945 984 1006 quacumque
999 927 1105 1006 possis,
1124 947 1182 1007 qua
1204 947 1236 988 re
1258 928 1293 990 id.

234 1017 313 1094 quod
330 1015 445 1084 feceris,
462 1033 584 1075 necesso
602 1013 759 1074 fueritnec
774 1013 960 1074 aliterfacere
972 1013 1116 1092 potueris
1133 1015 1294 1092 ceterisque

235 1101 333 1180 operis
350 1107 379 1160 θῖ
393 1099 499 1160 officiis
508 1100 563 1160 erit
574 1099 613 1169 id,
625 1098 852 1178 quodviolatum
864 1097 1021 1168 videbitur,
1034 1101 1294 1177 compensandum.

174 1182 215 1235 ²⁰
318 1187 375 1248 Sed
393 1204 458 1246 cum
476 1185 508 1245 in
523 1183 837 1245 hominibusinvandis
853 1192 903 1244 aut
918 1201 1018 1244 mores
1033 1185 1161 1262 spectari
1178 1184 1295 1246 autlor-
1312 1191 1333 1241 tt

180 1259 212 1309 69
232 1280 304 1332 tuna
320 1273 421 1343 soleat,
438 1271 518 1330 dictu
545 1261 666 1348 quidem
693 1278 738 1329 θεῖ
763 1268 893 1347 proclive
908 1269 1008 1347 itaque
1023 1269 1108 1346 volgo
1125 1271 1294 1349 loquuntur.

230 1377 262 1418 se
279 1357 309 1416 in
325 1355 476 1417 beneficiis
493 1355 670 1416 collocandis
694 1373 793 1415 mones
814 1354 981 1426 homiuum,
1003 1373 1063 1414 non
1081 1354 1235 1416 fortunam
1251 1375 1294 1415 se-

230 1443 290 1522 qui.
314 1442 444 1503 Honesta
460 1440 555 1501 oratio
572 1448 628 1499 est.
653 1440 710 1501 Sed
727 1439 793 1518 quis
815 1446 859 1498 est
874 1440 994 1500 tandem
1011 1439 1060 1517 qni
1073 1440 1173 1519 inopis
1191 1449 1222 1501 et
1245 1459 1294 1520 op-

230 1527 296 1587 timi
308 1527 362 1586 viri
377 1545 482 1586 causac
498 1545 559 1586 non
572 1533 734 1604 anteponat
745 1525 776 1584 in
793 1543 882 1603 opera
904 1525 998 1585 danda
1015 1527 1137 1602 gratiam
1155 1527 1295 1587 fortunati

170 1637 173 1646 ’
232 1622 261 1672 θῖ
276 1607 431 1690 potentis?
454 1613 478 1671 A
494 1631 552 1690 quo
569 1611 649 1671 enim
658 1610 824 1690 expeditior
839 1617 869 1669 et
885 1610 1009 1670 celerior
1016 1612 1223 1672 remuneratio
1236 1613 1295 1672 fore
1311 1617 1333 1666 tt

230 1697 354 1768 videtur,
375 1697 405 1756 in
422 1716 491 1758 eum
507 1697 570 1758 fere
583 1704 628 1757 θεῖ
643 1696 781 1758 voluntas
807 1703 910 1756 nostra
930 1685 1117 1774 propensior.
1158 1697 1217 1758 Sed
1239 1697 1298 1759 aoi-

126 1783 128 1790 “
229 1782 475 1844 madvertendum
492 1791 537 1842 est
554 1781 732 1860 diligentius,
749 1800 824 1859 qnae
837 1789 942 1841 natura
957 1799 1059 1841 rernm
1076 1781 1124 1843 sit.
1155 1783 1298 1843 Nimirum

229 1868 308 1928 enim
323 1869 409 1947 inops
425 1868 483 1939 ille,
502 1868 526 1929 si
542 1867 642 1928 bonus
658 1876 702 1927 est
718 1867 770 1939 vir,
788 1866 878 1926 etiam
906 1866 932 1926 si
956 1866 1068 1926 referre
1092 1867 1222 1944 gratiam
1242 1885 1297 1928 non

228 1961 337 2033 potest,
353 1953 463 2014 habere
480 1959 559 2014 certe
574 1961 683 2031 potest.
714 1952 877 2013 Commode
893 1961 1004 2022 autem,
1026 1951 1213 2032 quicumque
1229 1952 1296 2013 dixit

214 2039 395 2119 *pecuniam
412 2039 461 2117 qui
478 2039 583 2098 habeat
600 2055 662 2098 uon
677 2036 854 2108 reddidisse,
867 2037 916 2115 qui
932 2037 1093 2097 reddiderit
1101 2055 1165 2098 non
1181 2039 1294 2104 habere,
1312 2037 1336 2084 2⁰

229 2125 352 2202 gratiam
370 2131 469 2183 autem
488 2124 578 2202 etqui
599 2123 749 2183 rettulerit
763 2121 873 2183 haltere
888 2132 917 2181 et
940 2122 990 2202 qui
1006 2123 1113 2183 habeat
1128 2121 1295 2184 rettulisse.'

229 2211 267 2269 Αῖ
283 2210 380 2288 quise
396 2207 569 2288 locupletes,
585 2208 759 2280 honoratos
767 2207 868 2268 beatos
885 2208 1026 2286 putant,ii
1036 2219 1078 2267 'ne
1094 2208 1222 2288 obligari
1233 2209 1295 2288 qni-

231 2295 297 2354 dem
314 2294 458 2354 beneficio
474 2295 593 2355 volunt:
608 2293 680 2372 quin
696 2292 971 2354 etiambeneficium
989 2293 1296 2356 sededisseaabitran-

230 2388 289 2450 tur,
307 2399 374 2441 cum
389 2379 447 2460 ipsi
463 2380 596 2460 quamvis
613 2396 754 2456 magnum
770 2378 888 2456 aliquod
905 2379 1084 2458 acceperint,
1101 2387 1195 2459 atque
1210 2379 1297 2440 etiam

231 2487 247 2528 a
263 2485 294 2526 se
309 2474 360 2526 ant
375 2466 519 2545 postulari
535 2474 586 2526 aut
602 2465 763 2543 exspectari
791 2463 899 2542 aliquid
916 2464 1116 2544 suspicantur,
1133 2463 1297 2544 patrocinio
1315 2465 1338 2515 tt

263 2640 286 2688 2.
307 2640 362 2688 Iam
378 2637 454 2687 ulad:
473 2637 619 2687 deaZusatz
634 2637 698 2686 wied
709 2637 734 2686 in
789 2651 839 2686 aua
861 2637 933 2687 laudat
953 2637 991 2701 id,
1013 2635 1081 2702 quod
1103 2636 1232 2696 reducum
1253 2640 1298 2702 qui

229 2709 273 2757 dea
287 2706 360 2756 Foem
371 2708 416 2756 dea
422 2707 571 2773 praeteritio
581 2703 735 2766 eingcl'uhet,
789 2709 876 2755 autem
900 2704 985 2768 dedet,
1009 2707 1034 2754 is·
1055 2709 1150 2756 relinet
1172 2706 1298 2764 ola'emmn,¹

229 2790 283 2824 was
295 2775 380 2836 hiiufig
390 2773 470 2823 datach
482 2773 597 2823 Formoln
610 2776 657 2822 wie
671 2773 736 2822 allail
788 2776 909 2837 gratiam
920 2777 1005 2823 autem
1019 2777 1043 2822 et
1059 2777 1106 2838 qai
1121 2776 1206 2840 rescat
1226 2777 1297 2824 tacet

229 2843 284 2892 dico
296 2842 339 2904 de,
356 2844 445 2894 amitto
461 2841 601 2903 geschicht.
625 2841 736 2906 Seyffert
790 2845 815 2890 θῖ
827 2845 871 2905 qai
881 2842 953 2891 dodel
965 2844 994 2890 ia
1010 2857 1037 2892 oo
1052 2844 1117 2909 ipso,
1139 2843 1207 2908 quod
1222 2845 1299 2906 hadel,

230 2911 310 2960 schol.
323 2908 380 2958 Lot.
392 2909 401 2959 l
415 2926 437 2975 p.
452 2912 492 2959 50.
792 2912 883 2975 refert.

265 2979 288 3026 9.
307 2977 336 3028 id
352 2977 418 3042 quod
428 2977 695 3044 violatum‘otaeoaor,
711 2979 735 3027 d.
827 2979 867 3027 22.
887 2979 977 3028 beatus
995 2976 1060 3028 faust
1072 2976 1182 3045 locuples
1194 2981 1244 3030 aad
1257 2982 1298 3030 do-

230 3047 248 3096 i.
261 3049 289 3096 in
301 3061 348 3112 quo
359 3045 447 3096 violati
456 3047 506 3095 aidi
521 3045 650 3108 videntum
670 3063 691 3098 z.
704 3045 737 3096 lll
792 3050 901 3097 aoratos
919 3046 944 3094 in
963 3046 1026 3109 sich,
1054 3063 1081 3096 es
1102 3048 1224 3098 bedontet
1240 3044 1300 3098 ‘nit

230 3114 246 3179 ᾖ
269 3115 293 3164 3.
315 3114 325 3164 l
346 3114 362 3180 ξ
384 3115 417 3164 32
438 3131 503 3179 quae
523 3115 670 3166 liberantur.
707 3115 737 3164 ed
793 3111 981 3176 Gliicksgiitoen
995 3111 1134 3178 gosegnet?

230 3183 390 3247 lomVS,3
412 3186 437 3233 si
451 3199 515 3248 qaae
532 3183 737 3236 inciderualaoa
827 3184 867 3232 25.
887 3183 1021 3249 postulari.
1046 3181 1072 3232 la
1092 3185 1148 3232 deni
1167 3183 1301 3235 Geschcolt

230 3258 284 3303 tam
301 3268 330 3303 ra
341 3268 419 3318 qaam
431 3254 575 3318 suspitione
589 3253 691 3314 uiolata,
709 3268 739 3302 θα
794 3253 869 3302 sehen
888 3251 928 3300 sie
946 3254 1023 3301 sehon
1036 3251 1077 3300 dic
1089 3251 1244 3315 Foedernng
1260 3251 1304 3302 ani

233 3322 631 3372 siatevulsaeaomnimamoaa'a
640 3323 740 3386 vitaque
792 3319 951 3382 Vergeltung
963 3321 1125 3383 angadentet,
1143 3322 1209 3372 anch
1230 3337 1300 3370 aeno

233 3394 332 3440 nostra,
793 3389 864 3438 diosc
890 3389 958 3438 nicht
984 3389 1068 3450 gleich
1095 3390 1302 3455 nnsgospeoehen

265 3459 305 3508 16.
322 3459 388 3524 fera
401 3458 523 3520 znmeist3
540 3473 562 3506 ε.
575 3474 597 3506 z.
610 3456 644 3522 l}
655 3456 683 3506 61
697 3473 739 3507 or·
793 3455 1303 3519 wind,dal1cristdeelolinitivdesPrae-

229 3528 363 3592 cantusare
375 3527 491 3576 walthari.
794 3541 852 3575 sens
865 3532 972 3586 gesetzt.
991 3525 1048 3576 Nun
1062 3527 1168 3575 werden
1184 3542 1253 3576 zwar
1265 3528 1304 3575 die

264 3595 305 3643 20.
330 3598 464 3660 paeoniam
487 3597 531 3658 qai
553 3595 651 3643 habeat.
688 3594 738 3644 Dos
792 3592 1304 3658 WohlthatcnindorHoffnunganFeine

232 3661 317 3713 Ganzc
327 3661 420 3712 beruht
429 3662 534 3712 culdein
543 3662 738 3726 Wontspiclmit
792 3659 908 3724 liinstige
921 3661 1078 3724 Vergeltung
1091 3664 1231 3722 erwicscm
1245 3665 1305 3714 abet·

229 3733 346 3794 gratiam
359 3733 457 3792 dabore,
475 3731 531 3780 eine
545 3731 674 3780 dankhare
689 3729 738 3780 Ge·
793 3729 856 3779 doch
873 3730 942 3780 nieht
959 3746 996 3794 so,
1015 3731 1072 3780 dass
1090 3730 1172 3780 demit
1190 3733 1304 3790 sogleich

233 3799 737 3864 sinnunghaheo,undgratiamreferre,
793 3799 849 3847 eine
874 3800 1014 3848 bestimmte
1033 3797 1186 3863 Fordarnng
1213 3816 1306 3866 ausge-

232 3865 459 3915 Dankabstatten.
484 3882 529 3930 pto
549 3867 686 3929 Planc.28‚
705 3867 737 3916 68
793 3868 916 3932 sprochen
936 3868 1008 3916 wind.
1045 3867 1305 3930 Gescltliltedies,so

233 3948 291 3980 nam
305 3936 349 3996 qui
356 3935 491 4000 pecom'um
508 3931 631 3997 dissolvit,
649 3937 737 3984 atatim
792 3935 883 3985 herten
904 3935 943 3985 sie
957 3935 1002 3984 ool
1013 3934 1180 3986 Wohlthaten
1194 3954 1228 3987 zu
1241 3939 1305 3987 sein.
