2768 4506
431 207 475 258 1111
488 207 624 260 ormells
640 208 702 262 Lm.
716 209 734 260 l.
771 211 879 262 ΕΔΗ.

1154 216 1193 276 35

73 396 76 400 ’
114 360 353 445 putatione'non
368 371 462 442 egeat,
473 371 576 426 tamen
592 370 663 425 suut
677 382 694 424 a
710 364 797 427 nohis
809 365 866 428 alio
878 365 942 426 loco
955 365 1112 445 disputata.
1135 368 1197 430 Hae

116 449 294 528 discipHnae
308 448 410 526 igitur,
426 449 452 510 si
466 447 524 508 sihi
539 455 758 510 consentaneae
770 449 863 510 velint
875 469 949 522 esse,
964 451 1000 512 de
1014 452 1111 512 officio
1123 454 1198 514 nihil

116 541 231 615 queant
246 532 354 605 dicere,
371 551 470 612 neque
486 533 544 594 ulla
568 532 658 593 officii
680 542 836 613 praecepta
858 535 952 608 firma,
973 534 1100 606 stabilia,
1123 557 1196 602 oon-

116 621 220 682 iunota
236 627 362 680 naturae
377 618 454 680 tradi
470 626 598 696 possunt
614 617 673 678 nisi
683 627 735 679 aut
747 619 782 680 ab
795 619 842 690 iis,
854 619 907 699 qui
918 623 1022 694 solam,
1039 629 1091 683 aut
1103 620 1139 684 ab
1151 624 1197 696 iis,

82 728 97 774 5
116 705 170 784 qui
187 704 318 764 maxime
334 703 523 764 honestatem
540 710 664 782 propter
678 722 712 764 se
723 704 824 766 dicant
836 707 1044 784 expetendam.
1072 707 1114 768 Ita
1126 726 1198 787 pro-

116 789 183 870 pria
200 796 247 850 est
262 807 297 850 ea
312 789 483 867 praeceptio
500 787 680 858 Stoicorum,
700 789 962 863 Academicorum,
986 791 1197 870 Peripatetico-

117 892 198 946 rum,
214 873 359 952 quoniam
373 872 539 943 Aristonis,
563 871 735 952 Pyrrhonis,
757 873 839 936 Erilli
859 874 919 936 iam
941 875 1058 954 pridem
1080 879 1198 956 explosa

117 959 267 1022 sententia
282 967 338 1030 est,
350 958 402 1038 qui
415 967 517 1019 tamen
531 957 677 1020 haherent
687 958 734 1020 ius
745 977 834 1020 suum
855 958 1027 1037 disputandi
1040 963 1077 1022 de
1090 964 1198 1037 officio,

118 1045 265 1106 sirenum
281 1043 408 1121 aliquem
425 1042 567 1104 dilectum
583 1042 783 1122 reliquissent,
797 1050 831 1104 ut
842 1044 877 1104 ad
890 1044 980 1106 olfidi
992 1045 1196 1109 inventionem

67 1151 98 1199 tu
117 1129 216 1190 aditus
238 1135 326 1188 esset,
366 1127 527 1207 Sequimur
552 1128 642 1206 igitur
661 1127 718 1188 hoc
742 1129 862 1207 quidem
886 1138 1022 1208 tempore
1041 1139 1070 1192 et
1091 1131 1147 1192 hae
1165 1133 1196 1192 in

118 1213 298 1294 quaestione
312 1212 502 1291 potissimum
520 1212 634 1274 Stoicos
650 1231 712 1274 non
728 1221 761 1274 ut
775 1213 965 1293 interpretes,
981 1215 1043 1284 sed,
1064 1223 1098 1276 ut
1119 1217 1195 1278 sole-

119 1316 196 1371 mne,
214 1318 230 1358 e
247 1299 380 1359 fontibus
397 1317 502 1358 eorum
518 1297 629 1359 iudicio
645 1298 827 1378 arbitrioque
841 1307 945 1359 nostro
957 1308 1104 1379 qnantum
1119 1320 1195 1380 quo—

120 1403 179 1464 que
195 1384 286 1443 modo
301 1382 449 1443 videbitur
464 1382 648 1444 hauriemus.

207 1467 308 1530 Placet
318 1467 417 1545 igitur,
431 1467 572 1545 quoniam
586 1467 681 1528 omnis
695 1467 855 1546 disputatio
868 1467 904 1528 de
917 1467 1013 1530 ollioio
1030 1470 1195 1544 summast,
1217 1490 1231 1537 7

68 1573 100 1624 15
120 1563 192 1616 ante
208 1553 343 1624 definire,
359 1553 430 1633 quid
446 1552 485 1612 sit
500 1551 647 1614 officium:
671 1554 750 1631 quod
766 1570 781 1612 a
797 1552 937 1614 Panaetio
952 1554 1195 1632 praetermissum

119 1659 187 1700 esse
202 1638 307 1699 miror.
338 1637 444 1698 Omnis
461 1637 542 1698 enim
563 1655 639 1716 quae
660 1636 776 1698 ratione
797 1637 962 1716 suscipitur
983 1640 1019 1700 de
1040 1639 1136 1717 aliqua
1162 1660 1195 1701 re

118 1772 330 1840 nigetens'einige
340 1774 385 1825 der
394 1772 574 1835 hesteanss.;
584 1774 631 1824 den

119 1843 275 1908 conjunctiv
295 1843 337 1892 hei
354 1857 508 1908 quamquam
520 1842 566 1891 hat
577 1841 633 1894 Cio.

119 1915 180 1964 sehr
193 1913 276 1963 seiten
290 1910 352 1961 oder
364 1909 432 1960 wohl
445 1910 487 1959 nie
500 1916 608 1972 gesetzt.

156 1983 179 2047 l,
200 1981 252 2030 alto
262 1978 331 2042 loco,
341 1979 372 2028 de
388 1979 429 2028 tiu.
441 1976 461 2028 11
471 1993 494 2028 o.
506 1977 568 2029 1211.
579 1977 633 2040 vgl.

121 2051 152 2100 de
167 2047 208 2098 off.
221 2045 254 2098 111
267 2046 283 2113 ξ
298 2047 355 2099 117.
501 2111 506 2116 ¹

157 2117 180 2167 3.
212 2117 348 2166 ennirmcta
369 2117 480 2164 naturae
494 2135 511 2155 =
525 2117 634 2163 adurae

121 2181 634 2248 metumientimdemWasender-mensch·

120 2254 206 2304 lichen
219 2252 303 2303 Nutur
315 2252 365 2301 und
377 2252 424 2301 der
437 2249 563 2301 Vernuult
575 2256 632 2299 ent-

120 2314 517 2454 spfflergdhdpoloyaipenu
539 2310 632 2385 φύσει.

121 2407 141 2441 s.
179 2405 225 2440 ru.
303 2424 309 2437 .

155 2459 182 2508 4.
206 2457 238 2506 ah
257 2458 290 2506 iis
310 2458 355 2520 qui
368 2455 456 2517 solum,
469 2454 510 2504 die
527 2452 632 2504 Stoiher

121 2525 244 2589 atet-'qui
252 2527 377 2587 macerae,
393 2522 550 2575 nemeotlich
561 2521 632 2571 Aka-

117 2592 236 2644 domiher
248 2592 300 2641 und
311 2591 508 2658 Peripatetiker.
531 2590 631 2641 Ehunso

117 2665 150 2713 de
162 2662 214 2724 leg.
228 2661 239 2710 1
254 2660 294 2722 13,
308 2662 348 2712 37.

152 2729 177 2780 5.
202 2732 250 2792 ita,
260 2726 452 2792 deargentant
465 2729 494 2779 10
505 2728 541 2776 ua
554 2741 631 2791 quam

39 2815 42 2822 ·
115 2797 159 2849 itta
168 2796 304 2864 trdpiieem.
317 2799 347 2846 de
357 2797 398 2846 lin.
407 2793 440 2845 111
453 2796 491 2858 18,
503 2795 535 2844 59
545 2796 583 2843 ita
593 2798 632 2844 est

115 2866 245 2932 quoddam
257 2879 387 2915 mmmune
398 2863 520 2931 efficium
531 2865 630 2929 sapien·

116 2938 150 2985 tie
162 2939 187 2984 et
198 2935 352 3001 insipientie.

151 3004 176 3052 7.
202 3003 348 3064 Aristonis,
365 2999 521 3066 Pyrrhonis,
537 2995 615 3046 Erilli
619 3014 628 3044 .-

116 3073 147 3121 de
157 3072 200 3120 lin.
211 3068 232 3121 ll
245 3070 284 3130 13,
294 3068 327 3118 43
337 3083 401 3134 quae
409 3068 457 3132 (ea,
470 3081 535 3132 quae
543 3068 629 3132 prima

116 3143 215 3190 aratura
225 3137 381 3204 approbavit)
395 3134 463 3201 quod
475 3135 597 3185 Aristoni
607 3136 631 3181 et

115 3207 250 3273 Pyrrhoni
265 3207 368 3255 omnino
385 3206 442 3253 utra
458 3206 519 3252 eunt
528 3216 577 3268 pro
589 3202 630 3249 ni·

115 3276 175 3340 hilo,
196 3277 227 3325 ut
238 3275 307 3324 inter
318 3275 412 3340 optime
428 3270 512 3321 ualere
529 3273 632 3334 etgra-

78 3387 82 3398 .
115 3347 220 3394 menime
235 3345 374 3408 aegrotare
385 3339 452 3390 nihil
466 3353 575 3406 prorant
592 3335 632 3386 di-

115 3415 199 3462 cerent
215 3413 351 3474 interesse,
377 3411 445 3458 recte
462 3409 517 3456 iarn
531 3403 632 3473 pandam

115 3483 207 3530 contra
228 3491 271 3527 eor
294 3475 410 3526 desitum
431 3479 470 3524 eet
492 3473 630 3542 disputari.

116 3548 184 3598 Dum
200 3549 270 3597 enim
283 3547 309 3594 in
321 3559 374 3595 mm
391 3545 484 3594 uirtute
495 3544 532 3592 eie
543 3543 631 3590 omnin

115 3631 172 3666 eree
183 3614 328 3676 uoluerunt,
342 3615 373 3663 ut
384 3625 441 3662 eam
453 3625 543 3661 rerum
555 3608 630 3658 relec-

116 3681 184 3735 tione
205 3679 380 3748 exspoliarent
391 3697 431 3728 -.·
453 3681 574 3729 uirtutem
591 3679 631 3744 ip-

116 3767 182 3816 ram,
195 3765 277 3818 quam
285 3748 509 3816 ampleuohmrtm
518 3743 631 3795 metale-

116 3825 186 3872 runt.
220 3816 319 3869 Erillus
336 3821 423 3867 aretem
440 3813 477 3866 ad
493 3814 630 3864 neemiam

118 3890 204 3939 emnia
220 3900 344 3938 remum
355 3900 437 3936 unum
448 3880 576 3950 quoddam
589 3881 630 3930 ho-

687 1787 750 1822 num
761 1771 834 1837 vidit,
846 1771 892 1822 red
902 1789 946 1822 nec
959 1777 1080 1840 optimum
1092 1791 1196 1843 necque

686 1843 741 1891 ritu
755 1842 899 1906 gundemari
919 1845 1009 1906 poerit.
1045 1844 1134 1910 Itaque
1155 1847 1195 1895 hic

686 1908 1197 2044 utinamutinam

685 2048 815 2112 putatum.
838 2043 939 2112 Pyrrho
953 2047 1078 2110 canillis,
1091 2047 1194 2111 Zeitgo-

688 2113 930 2170 nosseMexanders
940 2114 983 2166 des
991 2113 1114 2180 Grossen,
1125 2117 1195 2179 leug-

688 2189 745 2232 note
755 2180 801 2232 mit
811 2181 857 2232 der
866 2181 1033 2245 Mdgliohheit
1041 2184 1085 2233 des
1095 2184 1194 2234 Ericen-

687 2265 749 2299 uens
762 2249 903 2315 iiherhaupt
919 2251 961 2300 die
974 2250 1195 2313 Untersoheidung

687 2317 731 2368 des
746 2318 868 2368 Warthes
886 2317 1031 2380 dochinge.
1062 2320 1109 2370 Die
1122 2315 1194 2371 ἀπά-

686 2389 749 2435 θεια
762 2386 807 2434 der
820 2375 906 2449 Seele,
927 2388 971 2436 das
984 2389 1089 2438 hdchste
1103 2386 1194 2451 Gliick,

686 2453 782 2502 hoante
795 2453 858 2502 nach
871 2454 955 2502 seiher
968 2453 1076 2506 Ansioht
1088 2472 1136 2506 nur
1149 2457 1195 2506 der

687 2520 836 2582 erreiehen,
867 2521 912 2570 der
936 2521 992 2570 sich
1015 2536 1095 2585 gagen
1120 2523 1193 2572 Alles

686 2588 854 2652 gleiohgiiltig
878 2588 998 2639 verhielt.
1034 2589 1122 2640 Aristo
1145 2607 1195 2641 von

686 2657 773 2720 Chius,
787 2656 893 2706 Sohiiler
906 2656 950 2707 des
961 2655 1039 2721 Zeno,
1053 2657 1115 2709 aher
1124 2661 1196 2710 mehr

685 2725 799 2790 cyniker
811 2725 851 2774 ale
863 2725 982 2786 Stoiher,
996 2725 1114 2788 leuguete
1126 2728 1193 2779 allen

684 2792 852 2844 Uutersohied
870 2799 947 2843 noter
964 2793 1011 2844 den
1029 2791 1195 2863 ἀδιαφόροις

685 2865 716 2922 (s.
729 2860 795 2910 hini.
813 2859 829 2924 ᾗ
843 2861 895 2923 221,
912 2862 977 2910 auch
990 2877 1019 2912 er
1031 2862 1126 2914 honnte
1138 2864 1193 2914 also

684 2929 731 2979 der
742 2929 863 2978 hdehsteu
881 2928 1029 2981 Vorsohrift
1045 2932 1195 2993 tugendhat‘t

682 3013 715 3046 zu
725 2997 834 3047 haudelu
848 2998 940 3047 hainen
958 2996 1044 3049 reeleo
1058 2997 1139 3050 luhalt
1151 3015 1195 3061 ge-

683 3065 740 3115 hen.
753 3063 805 3113 lul
809 3064 907 3114 Erillus
914 3065 1035 3130 damen,
1047 3066 1194 3130 dergleieh·

684 3131 744 3183 falle
763 3132 870 3183 Schiilcr
888 3135 933 3184 des
951 3132 1021 3184 Zeno
1038 3149 1106 3199 wer,
1124 3144 1194 3200 passi

684 3201 740 3251 dies
753 3201 830 3261 nieht,
841 3202 872 3250 da
885 3217 914 3251 er
927 3201 1006 3252 nehen
1018 3202 1074 3252 dem
1089 3203 1192 3254 Wiseen

685 3268 725 3319 als
737 3269 868 3319 hh'ehstem
879 3269 974 3320 Zwecli
988 3270 1080 3331 (τέλος)
1093 3270 1135 3320 ein
1147 3287 1193 3319 aa·

686 3339 760 3386 deres
784 3336 901 3403 Princip,
925 3335 1057 3401 ὑποτελίς,
1081 3336 1123 3386 liir
1147 3338 1192 3387 dus

686 3404 832 3470 praktische
845 3403 930 3454 Labeo
944 3405 1057 3454 drumm.

723 3474 761 3524 10.
775 3471 913 3538 Sequimur
925 3473 959 3522 ‘in
970 3472 1017 3521 der
1026 3471 1142 3535 Ausieht,
1151 3473 1193 3522 die

686 3541 776 3592 Cicero
789 3541 866 3590 sehon
875 3543 927 3602 hat,
940 3541 1090 3590 hauriemus
1102 3542 1128 3590 iu
1137 3542 1193 3591 dem
1224 3563 1226 3568 ·

684 3609 829 3671 Vortrage,
848 3609 894 3658 den
913 3623 942 3658 cr
951 3608 1019 3672 jetzt
1031 3608 1117 3659 hulten
1130 3610 1192 3660 will.

684 3677 768 3794 goher
785 3677 832 3726 der
850 3676 971 3726 Wechsel
989 3677 1035 3726 der
1052 3675 1191 3744 Tempora.'

708 3758 779 3806 oper.
1249 3781 1250 3784 =

720 3812 759 3863 15.
773 3810 840 3876 quod
847 3829 864 3862 a
873 3812 1006 3864 Panaetio:
1017 3828 1036 3863 s.
1048 3811 1115 3863 ltinl.
1126 3811 1141 3876 ξ
1153 3812 1192 3861 29.

720 3879 758 3929 16.
783 3882 893 3945 ratione,
906 3881 1097 3948 systematiseh.
1116 3879 1192 3929 Tusc.
1241 3897 1249 3912 =

999 3966 1032 4018 3*
