2768 4506
220 197 261 258 60
528 191 571 243 ltu
584 191 720 244 urricus
738 191 797 244 Llll.
809 191 829 243 l.
857 191 928 242 CAP.
943 193 982 243 15.

220 349 292 410 uino
309 367 374 408 esse
390 347 619 426 neglegendum,
634 345 665 406 in
682 364 740 425 quo
757 345 854 426 aliqua
869 345 1042 424 significatio
1062 345 1181 406 virtutis
1201 363 1291 424 appa-

220 441 294 503 reat,
312 432 470 493 colendum
486 438 585 492 autem
598 450 662 492 esse
674 431 715 491 ita
727 449 878 511 quemque
890 433 1028 504 maxime,
1039 439 1073 490 ut
1085 429 1215 509 quisque
1229 449 1291 492 ma-

220 517 298 578 xime
314 517 471 578 virtutibus
486 517 533 576 bis
548 515 714 577 leuioribus
729 516 786 577 erit
801 524 935 587 ornatus,
952 515 1105 588 modestia,
1120 522 1292 594 temperau-

221 603 271 674 tia,
287 601 427 681 meipsa,
448 601 483 662 de
505 620 563 680 qua
585 602 678 662 multa
699 601 757 661 iam
774 601 850 663 dieta
866 608 946 671 suut,
962 599 1082 662 iustitia.
1116 599 1191 660 Nam
1208 601 1291 662 tortis

220 685 337 748 animus
354 694 384 748 et
399 705 524 764 maguus
536 687 566 745 in
578 685 701 746 homine
712 703 773 747 uon
785 685 918 766 perfeeto
930 705 986 747 uec
997 685 1124 764 sapienti
1134 685 1294 746 ferventior
1311 697 1324 744 5

220 773 398 851 plerumque
413 779 467 842 est,
482 771 547 832 illae
561 771 686 831 virtutes
701 768 815 832 bouum
831 770 927 831 virum
939 771 1080 832 videntur
1089 768 1191 848 potius
1203 770 1292 831 attin-

221 873 297 934 gere.
328 857 425 935 Atque
441 857 513 916 haee
528 856 560 916 iu
575 855 717 915 moribus.

165 952 200 1003 47
304 941 346 1002 Ile
361 940 560 1002 benivolentia
576 947 686 1012 autem,
703 957 794 1019 quam
810 939 936 1018 quisque
948 937 1057 1000 babeat
1072 955 1139 1016 erga
1155 955 1221 1010 uos,
1233 941 1292 1019 pri-

220 1043 303 1086 mum
318 1025 390 1087 illud
406 1034 451 1087 est
466 1027 496 1088 iu
514 1025 621 1097 allicio,
637 1035 673 1085 ut
688 1025 714 1085 ei
729 1024 891 1104 plurimum
902 1023 1085 1106 tribuamus,
1107 1043 1123 1084 a
1144 1042 1205 1102 quo
1228 1026 1292 1104 plu·

219 1111 329 1172 rimum
342 1111 507 1190 diligamur,
527 1111 579 1171 sed
590 1109 821 1171 benivolentiam
834 1127 896 1170 nou
908 1108 1203 1170 adulescentulorum
1215 1129 1296 1172 mere
1315 1117 1341 1166 tl

220 1196 325 1257 ardore
341 1197 469 1278 quodam
485 1195 605 1267 amoris,
622 1195 675 1255 sed
690 1194 847 1256 stabilitate
863 1194 963 1272 potius
980 1200 1010 1254 et
1032 1193 1199 1254 constantia
1215 1194 1293 1256 iudi-

220 1299 331 1342 cemus.
348 1281 401 1342 Sin
414 1287 504 1341 eruut
515 1279 669 1352 meritant
681 1297 744 1340 uon
755 1279 898 1350 ineunda,
911 1279 963 1340 sed
975 1279 1132 1338 referenda
1144 1278 1184 1339 sit
1190 1281 1292 1356 gratia,

163 1373 199 1424 48
218 1365 312 1426 maior
328 1366 474 1442 quaedam
489 1383 558 1425 cura
574 1364 741 1426 adhibenda
758 1373 817 1436 ast3
841 1365 957 1425 nullum
973 1363 1054 1424 enim
1069 1363 1202 1424 osticium
1215 1369 1291 1426 rale-

220 1450 310 1510 reuda
326 1449 418 1528 gratia
434 1449 525 1528 magis
541 1450 741 1510 necessarium
758 1458 812 1510 est
837 1448 959 1520 Quodsi
976 1467 1019 1518 ea,
1032 1466 1107 1527 quae
1119 1449 1233 1510 utenda
1244 1469 1292 1512 ae-

219 1534 342 1613 ceperis,
358 1534 471 1594 maiore
483 1551 635 1604 mensura,
647 1534 673 1595 si
686 1534 776 1595 modo
784 1533 891 1613 passis
903 1533 985 1594 iubet
996 1533 1123 1594 reddere
1135 1533 1292 1607 Hesiodus
1314 1541 1341 1590 15

219 1619 359 1699 quidnam
374 1618 519 1680 beneficio
536 1619 686 1698 provocati
706 1622 802 1681 faeere
824 1615 991 1680 debemus?
1014 1636 1053 1678 au
1072 1618 1181 1680 imitari
1206 1637 1290 1698 agros

218 1703 339 1781 lertileS,
357 1704 408 1783 qui
424 1705 518 1765 multo
530 1704 596 1783 plus
609 1704 739 1764 efferunt
750 1723 839 1782 quam
854 1699 1058 1782 acceperuut?
1080 1702 1200 1764 Etenim
1217 1704 1291 1765 siin

220 1808 279 1861 eos
293 1808 367 1868 quos
379 1807 532 1868 speramus
549 1789 634 1850 nobis
646 1789 830 1867 profuturos,
843 1805 906 1849 uon
918 1788 1087 1849 dubitamus
1104 1788 1205 1850 officia
1217 1808 1291 1850 eou-

218 1874 312 1944 lerre‚
334 1874 435 1952 quales
457 1875 489 1934 in
504 1893 554 1934 eos
569 1893 635 1935 esse
651 1872 804 1947 debemus,
825 1873 876 1953 qui
896 1873 956 1934 iam
977 1871 1179 1952 profuerunt?
1217 1875 1291 1935 Nam

218 1977 287 2020 eum
303 1960 362 2021 duo
377 1976 484 2038 genera
497 1958 678 2020 liberalitatis
696 1958 766 2031 siut,
786 1977 882 2020 uuum
898 1958 989 2018 dandi
1003 1957 1150 2029 beneficii,
1168 1959 1294 2022 alterum
1316 1974 1343 2022 tt

216 2043 369 2114 reddendi,
385 2044 491 2104 demus
506 2061 601 2104 ueeue
616 2043 647 2102 in
663 2051 765 2104 nostra
780 2051 929 2122 potestate
944 2051 1002 2104 est:
1015 2060 1078 2105 nou
1093 2043 1220 2104 reddere
1231 2045 1295 2106 vire

162 2132 198 2181 49
219 2127 298 2189 boue
315 2128 468 2201 nonlicet,
485 2127 574 2188 modo
590 2128 620 2189 id
636 2128 734 2188 faeere
748 2128 843 2207 possit
857 2129 922 2190 sine
945 2127 1062 2188 iniuria.
1093 2127 1296 2208 Acceptorum

219 2220 318 2276 autem
333 2211 544 2273 beneficiorum
562 2221 633 2272 suut
648 2212 772 2274 dilectus
787 2212 927 2286 habendi,
939 2231 996 2274 nee
1007 2212 1131 2272 dubium
1143 2213 1218 2292 quiu
1230 2233 1296 2274 ma·

219 2298 298 2358 ximo
319 2297 427 2376 cuique
447 2297 610 2376 plurimum
631 2296 781 2358 debeatur.
817 2298 850 2360 lu
871 2317 930 2377 quo
950 2307 1049 2360 tamen
1066 2297 1296 2380 inprimisque

221 2383 347 2463 quisque
363 2382 472 2455 auimo,
499 2382 610 2456 studio,
635 2381 834 2444 benivolentia
860 2382 963 2444 feeerit
984 2381 1213 2464 ponderandum
1239 2394 1295 2446 est.
1319 2397 1346 2446 25

107 2509 117 2515 ,
220 2467 304 2530 Multi
320 2468 402 2529 euim
422 2469 536 2530 laciuut
556 2469 648 2528 multa
671 2468 837 2530 temeritate
858 2467 983 2546 quadam
1009 2467 1076 2530 siue
1095 2467 1223 2541 iudicio,
1250 2469 1296 2530 vel

254 2623 277 2672 3.
302 2621 439 2672 virtutibus
456 2620 605 2672 lenioribus:
623 2619 644 2670 ll
664 2620 726 2687 §32
781 2615 871 2687 λώιον,
887 2624 919 2671 αῖ
931 2639 960 2674 κε
981 2615 1089 2686 δύνηαι·
1106 2617 1154 2678 Ὡς
1173 2619 1211 2675 ἂν
1226 2639 1298 2692 χρη-

219 2706 284 2756 quae
304 2691 429 2756 pertinent
452 2688 487 2739 ad
506 2688 728 2740 mansuetudinmn
782 2691 847 2750 ίζων
861 2693 908 2741 καὶ
919 2688 946 2746 ἐς
961 2685 1076 2755 ὕστερον
1089 2685 1189 2762 ἄρκιον
1207 2689 1298 2760 εὕρῃς.

219 2773 322 2808 morum
333 2771 364 2806 ae
375 2754 539 2822 faetantes.
818 2758 858 2810 16.
877 2773 919 2808 aa.
931 2758 978 2808 Die
990 2757 1074 2822 Frage
1085 2761 1135 2811 mit
1146 2775 1182 2809 aar
1194 2760 1299 2812 eutbiilt

254 2825 278 2876 6.
298 2827 438 2890 attingere:
451 2823 467 2889 ξ
483 2825 521 2874 18,
782 2826 825 2877 dia
838 2825 958 2876 Autwort
969 2823 1016 2875 aul
1023 2826 1064 2875 die
1076 2827 1247 2892 erstellrage,
1257 2827 1299 2877 iu-

255 2893 278 2944 8.
303 2890 334 2942 de
350 2891 518 2954 benivolentia,
535 2891 561 2941 iu
571 2891 728 2943 Aubetracbt
782 2894 838 2944 dem
850 2894 1046 2944 diesebutwort
1057 2894 1301 2948 durebeiueblutb·

220 2961 265 3011 des
279 2959 483 3022 Wohlwolleus3
507 2975 536 3010 so
549 2961 619 3011 steht
639 2959 670 3010 de
682 2960 728 3010 mit
782 2976 903 3026 massana
916 2975 1023 3024 vorweg
1045 2977 1193 3025 genommeu
1218 2964 1300 3015 vird.

219 3029 316 3079 seluern
328 3028 481 3079 Substantiv
499 3027 563 3078 ohne
582 3029 729 3091 grammati·
783 3028 860 3080 Tuse.
874 3029 895 3079 ll
910 3030 949 3092 18,
961 3029 994 3080 42
1010 3027 1079 3081 Unde
1089 3033 1177 3097 ἐμέων
1188 3033 1301 3084 orditer?

218 3096 279 3147 sebe
293 3096 435 3160 Beziabuug
446 3093 493 3146 aul
502 3097 548 3146 des
560 3095 671 3165 ¹Verbum
684 3097 728 3147 des
783 3115 818 3148 aa
829 3097 915 3149 eadem
927 3097 1036 3149 breviter
1046 3102 1191 3164 attingam?
1201 3102 1236 3150 ad
1242 3102 1301 3150 Ate.

218 3165 308 3216 Sutzes
321 3163 414 3227 bbulis,
427 3181 449 3214 z.
461 3166 489 3215 B.
501 3163 534 3215 etl
545 3163 603 3215 lam.
617 3162 637 3215 ll
657 3164 699 3227 17,
712 3163 727 3212 2
783 3164 803 3216 ll
817 3168 841 3230 5,
856 3168 868 3216 1
893 3165 960 3228 Quid
970 3169 1040 3216 enim
1055 3170 1138 3218 noemi
1148 3170 1301 3236 optimates,

218 3232 250 3284 de
272 3233 420 3284 rationibus
439 3231 583 3300 referendis
600 3247 651 3284 nen
671 3235 728 3284 arat
782 3236 858 3299 etqui
871 3233 962 3298 rutilet
968 3238 1035 3298 runt,
1046 3232 1196 3300 loqueretur?
1207 3253 1245 3287 an
1256 3251 1302 3286 me

218 3301 405 3352 mmmmodem
415 3305 440 3352 te
451 3299 536 3352 nutas
545 3302 653 3368 referre.
781 3300 867 3367 aliquo
878 3303 995 3368 praemio
1004 3301 1035 3352 de
1047 3305 1175 3353 selentia
1183 3320 1243 3355 esse
1254 3303 1303 3354 de·

256 3369 294 3420 12.
314 3369 451 3436 resmeada
472 3371 575 3436 gratia:
601 3369 642 3418 eia
667 3369 728 3419 sehr
781 3370 903 3421 ductam?

219 3438 331 3489 seltener
344 3437 478 3490 Gebraueh
499 3437 543 3487 des
559 3435 664 3487 Ablativ
678 3434 727 3486 Ge·
817 3438 858 3487 22.
878 3439 936 3487 atne
959 3438 1067 3499 intarta,
1084 3437 1101 3486 i.
1115 3453 1137 3488 e.
1152 3436 1235 3489 ‘salva
1246 3438 1302 3505 fide

218 3506 305 3556 ruudii
317 3514 383 3557 ststt
393 3521 472 3571 quam
483 3506 531 3555 mit
548 3506 604 3555 dem
614 3501 727 3554 luliuitir
781 3509 805 3554 et
813 3506 910 3572 pietate
922 3507 949 3554 in
959 3501 1110 3571 promimus’.
1122 3505 1201 3557 lleus.

219 3573 282 3622 nach
304 3575 386 3624 sineru
411 3573 582 3638 Comparativ,
606 3571 658 3636 vgl.
676 3571 726 3636 §5
816 3573 858 3622 26.
889 3570 967 3622 malti
987 3601 1008 3610 -
1028 3573 1125 3623 multa:
1151 3574 1192 3624 ein
1218 3575 1301 3626 Pleu·

215 3641 511 3760 ρνῗέοσρῗεδῖἓάωιάέίε.
552 3709 602 3759 349
644 3699 655 3721 1
698 3705 727 3758 ἓν
780 3654 882 3773 {aggius
904 3640 955 3690 wie
974 3639 1055 3696 multi
1071 3655 1155 3708 saepe,
1181 3657 1202 3692 s.
1230 3658 1254 3693 z.
1279 3641 1302 3692 ll

288 3745 294 3758 .
348 3725 361 3758 a
416 3725 448 3759 ua
520 3747 527 3760 .
626 3723 655 3759 ευ
844 3744 850 3758 .

216 3779 379 3897 tatae
396 3724 726 3914 adimat
778 3774 1302 3910 mattaratium:
