2768 4506
220 225 259 285 70
533 218 832 272 prorueremus
858 219 930 272 aar.
939 221 982 272 ιι.

219 379 245 441 si
263 386 292 440 et
306 378 403 439 solum
418 375 465 447 id,
486 373 566 454 quod
581 375 743 436 honestum
759 375 817 448 sit,
835 373 950 437 honum
965 375 1078 437 iudices
1094 384 1128 436 et
1147 374 1185 436 ah
1210 376 1300 438 omni

220 463 312 525 animi
327 460 554 541 perturbatione
568 459 643 522 liber
657 461 708 521 sis.
741 460 817 520 Nam
833 466 863 520 et
876 477 918 533 ca,
934 479 1012 540 qnae
1028 461 1134 522 eximia
1146 461 1300 540 plerisque

217 558 248 609 et
258 548 408 628 praeclara
422 545 567 614 videntur,
583 563 675 624 parva
686 545 796 606 ducere
806 563 900 624 eaque
912 545 1030 606 ratione
1040 545 1139 607 stabih
1150 549 1300 626 firmaque

131 679 141 690 ,
218 641 414 694 contemnere
428 629 516 690 fortis
532 630 624 691 animi
634 631 793 709 magnique
805 630 977 691 ducendum
989 639 1044 703 est,
1060 639 1092 692 et
1102 649 1147 704 ea,
1163 649 1243 710 quac
1255 630 1300 691 vi-

218 718 330 778 dentur
346 715 461 788 acerba,
478 734 556 796 quae
571 715 666 776 multa
680 723 710 775 et
725 715 804 775 varia
820 715 852 775 in
866 715 1025 776 hominum
1040 715 1098 777 vita
1111 716 1301 796 fortunaque
1321 727 1334 775 5

219 811 385 871 versantur,
401 801 441 862 ita
456 801 545 874 ferre,
561 808 596 862 ut
612 799 686 860 nihil
700 819 717 860 a
730 806 809 861 statu
824 808 947 862 naturae
964 799 1109 873 discedas,
1124 801 1200 862 nihil
1215 820 1233 862 a
1251 801 1299 863 di-

167 893 199 947 68
218 888 330 968 gnitate
343 885 497 966 sapientis,
515 884 628 946 robusti
644 884 736 946 animi
749 892 794 945 est
809 901 992 964 magnaeque
1008 885 1205 947 constantiae.
1229 886 1299 948 Non

219 982 265 1035 est
276 979 377 1034 autern
390 979 637 1043 consentaneum,
647 970 699 1050 qui
712 978 796 1030 metu
807 987 868 1030 non
880 971 1044 1051 frangatur,
1053 987 1123 1032 eum
1133 971 1234 1049 frangi
1243 990 1298 1032 cu-

218 1058 351 1138 piditate,
367 1074 431 1129 nec,
448 1056 499 1136 qui
512 1057 657 1119 invictum
672 1074 704 1116 se
719 1055 848 1116 elaboro
865 1053 1056 1133 praestiterit,
1072 1056 1148 1116 vinci
1161 1073 1179 1116 a
1190 1057 1301 1136 volup-

219 1152 290 1204 tate.
325 1144 421 1216 Quam
438 1142 555 1202 obrem
574 1148 604 1201 et
619 1141 693 1201 haec
707 1139 834 1202 videnda
851 1147 881 1201 et
897 1141 1042 1218 pecuniae
1055 1139 1199 1220 fugienda
1210 1141 1299 1220 cupi·
1321 1161 1349 1208 to

219 1229 305 1290 ditas.
340 1227 420 1290 Nihil
443 1225 524 1286 enim
547 1234 593 1286 est
613 1233 674 1286 tam
698 1228 817 1303 angusti
839 1225 932 1286 animi
955 1233 1077 1305 tamque
1099 1226 1183 1304 parri
1203 1245 1298 1306 qnam

216 1331 321 1374 amare
333 1311 459 1382 divitias,
473 1310 546 1372 nihil
559 1310 716 1371 honestius
727 1310 1024 1390 magnificentiusque
1035 1329 1123 1390 quam
1136 1311 1299 1390 pecuniam

218 1407 423 1468 contemnere,
440 1395 466 1456 si
481 1414 542 1456 non
557 1394 681 1457 habeas:
698 1395 725 1456 si
740 1395 859 1468 habeas,
875 1396 912 1456 ad
923 1395 1152 1457 beneficentiam
1163 1396 1298 1458 liberali—

216 1492 370 1561 tatemque
382 1481 529 1542 conferre.
558 1480 693 1541 Cavenda
704 1481 793 1542 etiam
808 1488 857 1540 est
866 1481 975 1558 gloriae
989 1481 1145 1560 cupiditas,
1158 1489 1297 1562 utsupra

217 1568 293 1628 dixi:
317 1565 405 1646 eripit
424 1565 506 1626 enirn
527 1565 710 1637 libertatem,
733 1584 788 1645 pro
806 1583 865 1644 qua
880 1565 1078 1644 magnanimis
1102 1565 1171 1626 viris
1189 1568 1291 1628 omnis
1323 1583 1348 1634 rt

215 1652 302 1713 dehet
317 1670 381 1712 esse
396 1650 558 1712 contentio.
588 1651 649 1712 Nec
665 1670 733 1711 vero
748 1650 873 1730 imperia
895 1651 1064 1730 expetenda
1079 1669 1113 1712 ae
1124 1651 1223 1730 potius
1236 1660 1291 1714 aut

161 1747 193 1803 69
213 1757 275 1800 non
290 1736 460 1816 accipienda
475 1736 628 1798 interdum
643 1746 694 1797 aut
710 1735 886 1815 deponenda
899 1753 960 1798 non
971 1754 1149 1816 numquam.
1173 1737 1292 1798 Vacan-

216 1825 288 1885 dum
310 1829 410 1883 autem
432 1821 515 1882 omni
536 1831 581 1883 est
600 1819 692 1882 animi
714 1819 953 1900 perturbatione,
983 1840 1052 1882 cum
1074 1821 1238 1900 cupiditate
1262 1832 1292 1884 et

214 1916 297 1970 metu
312 1916 377 1968 tum
393 1907 483 1968 etiam
498 1907 680 1986 aegritudine
695 1915 726 1966 et
740 1907 893 1986 voluptate
905 1906 1016 1983 [animi]
1033 1915 1063 1968 et
1073 1907 1236 1980 iracundia,
1254 1917 1290 1969 ut

214 1992 410 2073 tranquillitas
425 1991 518 2053 animi
535 2000 563 2052 et
578 1991 721 2052 securitas
743 1991 827 2065 adsit,
850 2009 925 2071 quae
946 1991 1031 2052 affert
1053 2010 1122 2052 cum
1144 2001 1292 2056 constan·
1317 2007 1348 2055 uo

215 2081 287 2140 tiam
304 2087 369 2139 tum
385 2076 474 2138 etiam
491 2075 676 2154 dignitatem.

300 2162 385 2223 Multi
400 2169 499 2222 autem
515 2167 545 2222 et
560 2169 630 2222 sunt
646 2167 675 2222 et
689 2161 822 2230 fuerunt,
839 2159 890 2240 qui
905 2179 981 2233 eam,
1001 2179 1090 2240 qnam
1107 2161 1184 2233 dieo,
1207 2170 1293 2224 tran·

216 2247 393 2326 quillitatem
408 2254 578 2324 expetentes
590 2265 607 2307 a
619 2244 745 2324 negotiis
758 2244 883 2324 puhlicis
895 2264 926 2306 se
938 2245 1120 2308 removerint
1132 2246 1167 2308 ad
1181 2246 1294 2308 otium·

217 2351 275 2411 que
290 2330 490 2411 perfugerint:
507 2331 538 2392 in
553 2330 600 2392 his
616 2340 646 2392 et
661 2330 837 2392 nobilissimi
851 2329 1019 2410 philosophi
1033 2331 1183 2412 longeque
1207 2332 1294 2412 prin-

251 2521 275 2570 4.
292 2524 362 2572 statu
386 2524 495 2572 naturae
521 2513 649 2578 σύστασις
671 2539 722 2590 ‹pu-
776 2521 870 2573 einmal
899 2519 1142 2586 zusammeugafasst
1178 2525 1292 2574 werden.

217 2585 279 2654 σική
302 2587 573 2640 heidenschafteuund
588 2587 723 2642 Gemiiths·
775 2591 822 2641 Die
843 2589 901 2640 vior
922 2589 1080 2654 llauptarten
1109 2591 1156 2640 der
1182 2591 1293 2642 leiden-

215 2656 388 2722 heweguugcn
409 2658 466 2706 sind
480 2655 656 2706 liraakheiten
676 2658 723 2708 der
776 2657 860 2709 sehaft
870 2658 926 2708 sind
936 2657 1082 2722 aegritudo,
1095 2655 1217 2710 hammer
1228 2661 1293 2712 iiber

217 2723 300 2789 Seelc,
325 2726 370 2774 der
382 2725 528 2776 natiirliche
541 2723 654 2775 Zustaud
679 2727 722 2777 he·
776 2727 818 2776 cin
837 2725 1057 2790 geminumque,
1073 2729 1170 2790 metae,
1193 2727 1294 2780 Fureht

217 2795 286 2842 steht
309 2791 334 2841 in
355 2791 400 2841 dar
419 2791 629 2856 gleichmiissigen
644 2793 722 2858 Ruhe,
775 2795 915 2845 veroinem
926 2793 1189 2860 zukdnftigenllebel,
1201 2795 1293 2866 uolup-

217 2856 358 2928 ἀταραξία,
370 2875 391 2908 s.
405 2859 501 2924 nint}
516 2859 554 2910 17.
776 2866 818 2912 fae
838 2864 888 2913 und
913 2861 1005 2925 libido,
1029 2862 1130 2913 frauda
1149 2877 1182 2912 an
1207 2864 1291 2916 ciuem

250 2929 310 2976 baec
322 2927 437 2992 videnda,
466 2945 502 2979 so.
515 2929 718 2995 refrangatur·
776 2930 984 2994 gugenwiirtigon
997 2931 1047 2980 und
1060 2931 1208 2994 Varlaugeu
1227 2934 1294 2983 uach

217 2998 341 3046 vincatur.
370 2996 422 3057 vgl.
447 2995 514 3061 §42
527 2995 663 3046 ocdoadum
685 3001 724 3046 oet
778 2996 1293 3063 einomzuhiiuftigendato.Tusclll11,

216 3080 248 3112 aa
259 3064 334 3120 obsit.

93 3148 96 3153 ·
254 3131 432 3198 14.aepotiur,
447 3132 523 3182 odor
537 3131 670 3183 violmehr.
693 3148 724 3184 ac

214 3215 241 3267 p.
255 3199 386 3250 diontwie
395 3201 532 3268 vclpott'nr,
542 3216 582 3250 um
593 3202 668 3252 cinon
680 3215 724 3264 ge·

192 3326 195 3334 f
217 3268 357 3318 brauchteu
366 3267 503 3319 Ausdrack
514 3285 546 3319 zu
557 3269 723 3332 herichtigen.

217 3333 319 3386 adfatu.
342 3333 724 3405 llegoomnioffiaioaopo-

218 3406 271 3454 tius
280 3407 375 3472 pictate
385 3420 450 3470 erga
464 3409 489 3456 tc
499 3407 590 3456 ecferte
601 3407 668 3454 satir
679 3405 724 3470 fa·

217 3475 264 3522 cio.
279 3473 330 3523 Das
340 3472 447 3524 Stroben
458 3474 540 3524 solbet
549 3473 613 3522 nach
623 3471 723 3524 Stante-

217 3541 317 3672 ὶίιιιὲοιι
338 3542 403 3591 Ιιιιι
417 3541 469 3593 Cic.
483 3542 554 3592 nicht
566 3540 720 3605 verwerfen

218 3621 238 3656 s.
278 3610 318 3659 71.

254 3675 293 3726 16.
308 3675 445 3743 cupiditate
455 3680 479 3727 et
491 3681 569 3728 meta.
595 3676 646 3729 Der
658 3675 722 3742 gan-

217 3758 265 3794 zeu
284 3742 444 3807 Eriirterung
465 3745 531 3809 liegt
552 3746 593 3797 die
610 3748 722 3797 stoische

218 3809 382 3873 Eintheilnug
421 3813 467 3862 dor
510 3813 722 3865 Leidenschnftcu

215 3895 248 3928 zu
273 3876 384 3940 Grande,
409 3878 451 3929 die
473 3881 630 3932 amSchlnss
659 3884 724 3934 noch

779 3067 819 3128 24,
838 3065 873 3118 lV
890 3068 915 3129 6,
938 3067 977 3117 11.
1014 3067 1067 3116 Der
1085 3066 1155 3116 Zorn
1171 3067 1208 3118 ist
1227 3069 1292 3119 meh

777 3135 853 3185 Ture.
864 3131 898 3186 lV
908 3136 931 3196 9,
942 3136 972 3186 21
984 3151 1033 3185 nur
1042 3135 1100 3185 eino
1110 3133 1235 3187 Uuterart
1245 3137 1293 3187 der

778 3201 861 3253 libido.
880 3205 964 3252 nna'ani
973 3203 1060 3252 wiirdo
1070 3219 1102 3253 zu
1115 3203 1235 3271 vohaptas
1249 3204 1291 3254 ein

778 3270 913 3321 stdreudor
922 3270 1017 3322 Znoutz
1027 3271 1093 3334 sein,
1109 3272 1141 3321 da
1151 3271 1211 3322 hier
1219 3272 1292 3323 nicht

778 3354 810 3388 an
820 3339 868 3388 deu
875 3337 1018 3401 Gegeusatz
1028 3355 1078 3388 von
1085 3339 1227 3390 siunlichcr
1240 3341 1292 3390 aad

778 3406 906 3470 geistiger
924 3405 989 3457 host
1006 3423 1038 3456 zu
1056 3407 1154 3458 doahen
1173 3406 1217 3459 ist.
1254 3409 1290 3458 lis

776 3474 841 3525 fehlt
854 3474 989 3525 iihardiess
1001 3475 1028 3524 in
1041 3475 1114 3524 einer
1126 3473 1187 3526 llds.

810 3543 851 3592 24.
869 3544 954 3604 iabit,
965 3542 1292 3607 oinoZusammeuziehung

776 3609 873 3661 zweier
885 3609 962 3660 sttzo
975 3611 1002 3660 iu
1015 3611 1088 3661 einen
1101 3613 1144 3672 (ia
1156 3613 1198 3662 dit
1210 3616 1235 3662 at
1244 3627 1292 3663 ato-

776 3677 895 3728 bilthttmi
909 3679 1220 3746 philosophi-suerunt,
1246 3683 1291 3745 qui

775 3747 851 3813 ferro
866 3748 1028 3811 potuerunt).
1053 3746 1129 3797 Tusc.
1148 3746 1219 3810 143,
1242 3749 1290 3801 104

776 3813 875 3864 bonor
891 3814 1143 3882 Dragmos-proici
1160 3831 1189 3864 rc
1212 3818 1290 3866 fucrit

776 3883 948 3932 murratum.

268 4342 405 4484 im·
539 4324 651 4483 r*
715 4265 908 4484 [ἢ
