2768 4506
216 265 257 328 68
521 265 565 315 nn
579 263 715 316 urricus
728 264 788 318 nra
803 269 827 319 1.
855 263 926 316 car.
942 267 981 319 τι.

162 427 195 482 64
215 441 290 502 quae
306 427 377 481 sunt
393 438 427 479 ex
443 419 538 480 media
554 419 640 480 laude
654 418 792 480 iustitiae.
817 419 875 480 Sed
891 419 963 482 illud
981 419 1118 483 odiosum
1136 429 1191 498 est,
1209 421 1294 500 quod

214 507 247 568 in
258 507 315 566 hac
326 504 451 566 clatione
464 511 494 564 et
504 504 710 583 magnitudine
722 503 813 564 animi
826 504 963 566 facillime
974 506 1138 585 pertinacia
1153 514 1184 566 et
1196 506 1294 566 nimia

216 590 363 670 cupiditas
378 588 562 668 principatus
577 588 753 650 innascitur.
798 589 837 649 Ut
860 589 940 650 enim
963 591 1040 670 apud
1064 590 1222 652 Platonem
1247 599 1294 652 est

216 683 347 736 ‘omnem
365 691 479 735 morem
491 673 795 735 Lacedaemoniorum
812 674 1030 736 inflammatum
1047 693 1113 736 esse
1127 675 1295 755 cupiditate

216 758 375 831 vincendi’,
392 759 435 819 sic
447 766 480 821 ut
491 759 616 838 quisque
628 758 721 820 animi
732 759 938 838 magnitudine
951 778 1088 821 maxume
1101 760 1236 834 excellet,
1253 761 1296 822 ita
1317 772 1331 819 5

217 863 353 906 maxume
368 845 431 904 vult
446 843 585 923 princeps
601 843 736 905 omnium
752 844 799 904 vel
819 843 918 924 potius
940 846 1021 906 solus
1044 861 1126 906 esse:
1165 845 1295 907 Difficile

218 938 317 992 autem
334 936 387 1002 est,
410 947 478 989 cum
494 936 646 1008 praestare
663 928 804 989 omnibus
820 929 1023 1010 concupieris,
1050 949 1169 992 servare
1186 931 1294 1010 aequi-

217 1023 319 1087 tatem,
336 1033 413 1093 quae
428 1021 473 1074 est
488 1013 619 1074 iustitiae
634 1032 772 1074 maxume
787 1014 916 1094 propria.
951 1016 992 1075 Ex
1009 1033 1068 1095 quo
1084 1016 1117 1075 fit
1134 1023 1167 1076 ut
1190 1033 1294 1095 neque

217 1099 434 1179 disceptatione
448 1098 525 1159 vinci
540 1118 572 1160 sa
586 1116 643 1159 nec
656 1097 717 1159 ullo
732 1096 852 1177 publico
864 1117 897 1159 ac
909 1099 1040 1179 legitimo
1052 1100 1118 1161 iure
1129 1101 1294 1179 patiantur.

218 1185 407 1263 existuntque
420 1184 451 1244 in
462 1202 495 1244 re
504 1183 621 1263 pubh‘ca
632 1183 811 1263 plerumque
823 1185 977 1261 largitores
990 1193 1020 1246 ct
1031 1185 1157 1256 factiosi,
1172 1193 1206 1246 ut
1219 1205 1295 1266 opes
1319 1199 1345 1248 to

218 1289 306 1350 quam
324 1287 476 1330 maxumas
492 1276 715 1347 consequantur
730 1276 759 1328 et
773 1269 834 1329 sint
849 1269 875 1329 vi
892 1269 992 1348 potius
1008 1270 1178 1350 superiores
1201 1289 1294 1350 quam

218 1355 331 1416 iustitia
347 1372 444 1433 pares.
473 1353 531 1414 Sed
548 1372 606 1432 quo
620 1353 775 1426 difficilius,
791 1354 849 1414 hoc
859 1355 1050 1434 praeclarius.
1077 1355 1199 1416 Nullum
1212 1355 1295 1416 enim

166 1448 199 1499 65
218 1448 336 1519 tempus
352 1446 398 1499 est
413 1439 492 1516 quod
508 1437 619 1498 iustitia
634 1457 738 1499 vacare
752 1438 869 1500 debeat.
903 1439 1007 1501 Fortes
1022 1439 1113 1519 igitur
1127 1448 1157 1501 et
1169 1458 1297 1518 magna·
1381 1403 1383 1500 i

218 1525 294 1586 nimi
308 1531 381 1583 sunt
394 1522 525 1583 habendi
540 1539 603 1583 non
618 1523 670 1602 qui
686 1523 810 1596 faciunt,
825 1524 879 1584 sed
891 1524 943 1604 qui
955 1526 1129 1604 propulsant
1141 1525 1295 1586 iniuriam.
1382 1541 1383 1546 ’

217 1609 293 1669 Vera
308 1615 406 1668 autem
425 1615 454 1668 et
469 1608 585 1688 sapiens
607 1607 699 1668 animi
720 1608 893 1686 magnitudo
916 1609 1077 1670 honestum
1100 1610 1187 1682 illud,
1213 1611 1294 1690 quod
1321 1625 1346 1673 15
1381 1627 1383 1638 ⁴

219 1711 357 1755 maxume
372 1700 479 1753 natura
494 1693 640 1773 sequitur,
654 1693 686 1754 in
699 1693 788 1762 ,factis
804 1695 946 1772 positum,
962 1712 1023 1755 non
1034 1694 1067 1755 in
1079 1696 1170 1774 gloria
1180 1696 1295 1757 iudicat

218 1777 444 1859 principemque
459 1797 491 1838 se
506 1798 570 1840 esse
586 1780 699 1839 mavult
714 1797 803 1856 quam
818 1779 919 1840 videri.
945 1779 1061 1840 Etenim
1077 1780 1129 1859 qui
1142 1799 1179 1840 ex
1191 1799 1295 1842 errore

218 1863 373 1943 imperitae
389 1863 588 1924 multitudinis
603 1863 728 1942 pendet,
749 1864 799 1923 hic
814 1863 846 1923 in
862 1864 976 1942 magnis
997 1864 1067 1925 viris
1087 1883 1151 1925 non
1171 1874 1217 1926 est
1239 1866 1295 1927 ha-

218 1949 344 2010 bendus.
378 1947 529 2009 Facillime
545 1957 645 2009 autem
661 1948 696 2009 ad
712 1966 760 2009 res
776 1947 901 2020 iniustas
920 1949 1088 2028 inpellitur,
1110 1958 1144 2010 ut
1165 1950 1295 2031 quisquc

219 2034 362 2096 altissimo
378 2034 477 2094 animo
494 2041 549 2106 est,
565 2032 674 2112 gloriae
689 2033 867 2112 cupiditate:
885 2035 935 2113 qui
951 2035 1033 2097 locus
1049 2044 1097 2096 cst
1111 2053 1183 2097 sane
1198 2035 1295 2097 lubri·
1316 2055 1346 2102 ro

257 2228 278 2277 1.
312 2239 347 2274 aa
369 2222 454 2273 medio
476 2220 550 2271 leode
571 2223 644 2285 fuet,
672 2237 728 2272 zum
782 2222 908 2275 hiltnisse
926 2225 953 2274 in
967 2223 1027 2274 liora
1039 2229 1129 2288 gesagt
1142 2223 1186 2288 ist,
1207 2225 1294 2275 loncla-
1381 2261 1382 2276 ι

220 2286 728 2354 innerstenWesenderGereelrtigleit3
782 2299 822 2343 tet
840 2293 889 2342 ein.
921 2291 963 2342 Bai
982 2295 1039 2342 darn
1058 2291 1192 2356 folgenden
1205 2295 1295 2359 sortes

222 2356 732 2422 aeor.139,180mnodroioraeivdi
783 2363 868 2427 igitur
886 2368 935 2411 eet.
960 2361 1061 2411 schoint
1083 2361 1138 2412 Cic.
1162 2376 1239 2424 sogor
1263 2377 1295 2420 an

221 2432 328 2480 υοτττττί.
354 2427 452 2491 dcleg.
470 2425 550 2488 1121,
569 2426 601 2476 53
614 2428 729 2477 docuero
785 2428 858 2480 seina
876 2428 966 2492 eigana
990 2429 1108 2492 stellans
1132 2445 1164 2479 zu
1187 2428 1295 2491 denkeu,

220 2498 286 2549 nihil
297 2495 332 2548 od
338 2495 497 2564 pontificiam
507 2499 557 2558 τ’τιτ,
566 2494 613 2544 aad
624 2495 730 2546 emedio
785 2496 843 2546 dass
856 2511 885 2547 er
901 2497 981 2546 durch
996 2497 1172 2560 Verniolrtung
1190 2496 1234 2548 der
1246 2498 1295 2549 Ca-

220 2568 327 2617 crta‘ure
337 2565 416 2616 ciuili.
783 2565 914 2615 tilinurier
930 2565 981 2614 und
995 2565 1067 2616 seiae
1080 2565 1230 2628 Tnitigkeit
1247 2581 1296 2614 vor

255 2631 593 2685 conmmeat=motestom
604 2635 653 2694 art3
675 2632 731 2681 der·
786 2631 1295 2697 GeriehtdanStaatundEinzeluage-
1380 2637 1381 2652 ¹

222 2701 294 2752 selbo
307 2701 428 2753 Godanke
439 2699 456 2763 d
469 2699 502 2748 26
513 2715 538 2748 ιι.
553 2698 594 2747 74.
785 2701 900 2766 actitat,
924 2702 1045 2750 wiihrcnd
1064 2700 1144 2751 Ciam·
1168 2701 1211 2752 die
1228 2702 1296 2753 Ver·

210 2809 213 2814 .
257 2765 730 2835 3.apod1’latonam:meh.p.1821t
786 2767 1107 2832 fassunggestiirztlrabe.

221 2835 473 2903 Λακεδαιμονίους,
501 2825 544 2891 οἷς
564 2831 644 2886 οὐδὲν
664 2828 731 2886 ἄλλο
819 2837 843 2886 9.
869 2836 1107 2904 publieoaelegit.:
1128 2837 1245 2888 Gameint
1262 2839 1297 2888 ist
1379 2839 1380 2860 ³

221 2905 298 2972 μέλει
320 2901 350 2956 ἐν
372 2901 409 2968 τῷ
431 2905 482 2968 βίῳ
503 2897 519 2968 ἢ
541 2901 623 2953 τοῦτο
647 2901 732 2982 {paeto
786 2903 1297 2956 inl‘rocaoscnundbeiVolksvcrsamm-

221 2973 269 3023 aral
285 2963 462 3036 ἐπιτηδεύειν,
480 2963 496 3020 ὅ
509 2987 534 3020 τι
546 2965 582 3021 ἂν
593 2973 731 3038 pedones
785 2973 879 3036 langen
890 2973 1155 3036 undAbstimmnngan
1164 2973 1198 3023 im
1209 2975 1298 3025 Sonat.

221 3041 268 3092 καὶ
294 3031 516 3104 ἐπιτηδεύσαντες
541 3040 732 3090 πλεονεκτοῖεν
823 3042 860 3092 16.
887 3044 914 3091 in
931 3042 996 3107 faor.
1011 3056 1066 3108 poa.
1085 3056 1135 3090 non
1153 3041 1246 3108 tagl:
1266 3043 1297 3094 ad

221 3110 279 3161 τῶν
288 3103 377 3158 ἄλλων
386 3108 453 3177 περὶ
460 3104 510 3160 τὸν
518 3103 648 3176 πόλεμον.
660 3106 733 3158 Doclr
785 3106 843 3159 fam.
856 3108 904 3160 XV
915 3110 940 3172 4,
955 3110 985 3162 13
995 3112 1020 3159 τί
1027 3111 1229 3176 quaequamsuit
1239 3125 1297 3160 um·
1378 3169 1379 3174 ¹

223 3176 322 3228 scheint
333 3173 386 3226 cio.
400 3175 455 3226 eine
468 3177 561 3227 andere
570 3175 731 3226 Platonische
785 3192 863 3242 quom
874 3183 986 3228 remotos
998 3179 1030 3228 ab
1040 3179 1114 3228 mani
1121 3177 1197 3228 lauda
1208 3182 1233 3228 at
1243 3194 1298 3228 ser·-

222 3245 304 3296 Stellc
316 3244 378 3294 oder
390 3244 433 3294 ein
445 3257 590 3306 ungentum
603 3242 673 3294 Citat
685 3259 731 3293 aus
785 3245 902 3295 monibus
913 3247 992 3311 nulga',
1008 3263 1022 3296 e
1042 3246 1180 3312 oprosecto
1192 3248 1218 3296 tr
1229 3263 1298 3296 eum.

221 3312 732 3375 Platovorsiolrgohnbtzuheben.mos
790 3311 924 3365 Testisost
942 3329 1002 3364 eom
1059 3329 1183 3376 oenum,
1204 3317 1299 3380 inquo

221 3382 258 3434 iat
268 3379 324 3433 ‘dar
336 3379 542 3446 Nationalgeist?
785 3384 898 3431 sicutte
916 3383 1014 3448 reliquo
1031 3384 1084 3432 otta
1099 3383 1188 3448 fateor
1205 3399 1236 3432 ea
1258 3399 1300 3432 me

257 3453 281 3501 5.
303 3449 408 3501 meato
424 3449 460 3500 ist
473 3448 591 3499 Priscus.
603 3446 731 3498 DieFurrn
784 3449 897 3500 studioso
914 3451 1042 3512 sedulum,
1060 3465 1095 3500 aa
1113 3451 1205 3514 quidus
1223 3466 1299 3501 vera

222 3518 329 3569 eecedeo
347 3518 426 3568 findet
440 3517 497 3569 sicli
521 3517 592 3567 nieht
607 3512 690 3566 salton
703 3515 730 3566 in
782 3515 821 3583 gl
829 3520 897 3568 oria
908 3521 982 3569 nasci
989 3523 1082 3584 posset,
1100 3520 1186 3585 ipsam
1197 3518 1298 3584 quidem

223 3586 270 3636 den
283 3589 371 3636 bestcn
383 3585 459 3637 lidos.
467 3600 518 3635 von
530 3585 582 3636 Cio.
602 3585 635 3635 So
647 3584 731 3636 eoeet-
782 3583 931 3650 gloriam
940 3600 998 3653 per
1011 3601 1198 3652 ennumquam
1206 3589 1301 3654 putaui

222 3652 360 3706 laotTusc.
378 3652 399 3704 ll
419 3654 463 3715 18,
477 3653 518 3705 43.
541 3651 673 3703 comatico
686 3666 730 3716 pro
784 3653 962 3719 eapetendom.
1031 3713 1036 3718 .

222 3719 289 3770 Mur.
304 3721 344 3785 13,
356 3720 397 3770 29.
417 3719 517 3772 libenso
529 3722 560 3770 dc
572 3736 620 3772 arn.
634 3720 676 3783 20,
689 3717 730 3770 73.
820 3722 862 3771 20.
892 3720 1024 3787 quidcem
1041 3725 1078 3772 art
1096 3737 1158 3772 sana
1175 3723 1298 3786 wiricus,

222 3789 250 3840 in
263 3787 316 3838 Pis.
329 3788 371 3850 38,
383 3788 425 3838 94.
786 3789 831 3839 das
848 3789 885 3839 ist
903 3790 944 3840 cin
962 3789 1129 3853 aohwieriges
1147 3789 1256 3852 Thomu
1274 3807 1297 3840 z.

258 3855 282 3906 8.
305 3853 405 3920 Eaeque
416 3855 448 3921 fit
460 3864 510 3907 cet.
527 3856 593 3908 Deos
603 3855 731 3907 auehdies
785 3856 855 3922 §44-
885 3857 932 3909 Die
944 3859 1057 3924 Hiiupter
1071 3858 1116 3908 der
1133 3859 1197 3909 Stoa
1214 3859 1298 3909 selbot

223 3921 732 3989 mitiliieksielrtaufdiedamaligenVer·
786 3939 874 3975 waren
908 3925 1019 3976 dariiber
1049 3926 1153 3988 uncins,
1183 3927 1298 3978 walchen

129 4354 289 4472 ‚fl
