<?xml version="1.0" encoding="UTF-8"?>
<!DOCTYPE html PUBLIC "-//W3C//DTD XHTML 1.0 Transitional//EN"
    "http://www.w3.org/TR/xhtml1/DTD/xhtml1-transitional.dtd">
<html xmlns="http://www.w3.org/1999/xhtml" xml:lang="en" lang="en">
 <head>
  <title>
</title>
<meta http-equiv="Content-Type" content="text/html;charset=utf-8" />
  <meta name='ocr-system' content='tesseract 3.04.00' />
  <meta name='ocr-capabilities' content='ocr_page ocr_carea ocr_par ocr_line ocrx_word'/>
</head>
<body>
  <div class='ocr_page' id='page_1' title='image "./deofficiisadmar00heingoog_0191.png"; bbox 0 0 2800 4506; ppageno 0'>
   <div class='ocr_carea' id='block_1_1' title="bbox 200 243 950 311">
    <p class='ocr_par' dir='ltr' id='par_1_1' title="bbox 200 243 950 311">
     <span class='ocr_line' id='line_1_1' title="bbox 200 243 950 311; baseline -0.023 0"><span class='ocrx_word' id='word_1_1' title='bbox 200 247 260 311; x_wconf 78' lang='lat'>182</span> <span class='ocrx_word' id='word_1_2' title='bbox 495 243 816 299; x_wconf 73' lang='lat' dir='ltr'>nnormcusnrsm</span> <span class='ocrx_word' id='word_1_3' title='bbox 840 243 950 295; x_wconf 65' lang='lat' dir='ltr'>carr.</span> 
     </span>
    </p>
   </div>
   <div class='ocr_carea' id='block_1_2' title="bbox 141 399 1323 1928">
    <p class='ocr_par' dir='ltr' id='par_1_2' title="bbox 161 399 1271 564">
     <span class='ocr_line' id='line_1_2' title="bbox 194 399 1270 484; baseline -0.005 -19"><span class='ocrx_word' id='word_1_4' title='bbox 194 403 371 484; x_wconf 89' lang='lat' dir='ltr'>praesertim</span> <span class='ocrx_word' id='word_1_5' title='bbox 396 419 463 464; x_wconf 89' lang='lat' dir='ltr'>cum</span> <span class='ocrx_word' id='word_1_6' title='bbox 490 400 599 462; x_wconf 87' lang='lat' dir='ltr'>scribat</span> <span class='ocrx_word' id='word_1_7' title='bbox 619 403 733 463; x_wconf 89' lang='lat' dir='ltr'>nullum</span> <span class='ocrx_word' id='word_1_8' title='bbox 756 419 822 460; x_wconf 87' lang='lat' dir='ltr'>esse</span> <span class='ocrx_word' id='word_1_9' title='bbox 844 400 943 460; x_wconf 86' lang='lat' dir='ltr'>locum</span> <span class='ocrx_word' id='word_1_10' title='bbox 959 399 990 459; x_wconf 95' lang='lat' dir='ltr'>in</span> <span class='ocrx_word' id='word_1_11' title='bbox 1006 407 1067 461; x_wconf 92' lang='lat' dir='ltr'>tota</span> <span class='ocrx_word' id='word_1_12' title='bbox 1082 399 1270 480; x_wconf 82' lang='lat' dir='ltr'>philosophia</span> 
     </span>
     <span class='ocr_line' id='line_1_3' title="bbox 161 484 1271 564; baseline -0.002 -16"><span class='ocrx_word' id='word_1_13' title='bbox 161 499 176 548; x_wconf 85' lang='grc'>9</span> <span class='ocrx_word' id='word_1_14' title='bbox 196 499 257 550; x_wconf 92' lang='lat' dir='ltr'>tam</span> <span class='ocrx_word' id='word_1_15' title='bbox 273 488 482 550; x_wconf 82' lang='lat' dir='ltr'>necessarium.</span> <span class='ocrx_word' id='word_1_16' title='bbox 505 487 628 548; x_wconf 85' lang='lat' dir='ltr'>llinime</span> <span class='ocrx_word' id='word_1_17' title='bbox 645 505 714 548; x_wconf 84' lang='lat' dir='ltr'>vero</span> <span class='ocrx_word' id='word_1_18' title='bbox 729 485 876 546; x_wconf 89' lang='lat' dir='ltr'>assentior</span> <span class='ocrx_word' id='word_1_19' title='bbox 890 484 934 557; x_wconf 88' lang='lat' dir='ltr'>iis,</span> <span class='ocrx_word' id='word_1_20' title='bbox 951 485 1003 563; x_wconf 91' lang='lat' dir='ltr'>qui</span> <span class='ocrx_word' id='word_1_21' title='bbox 1018 492 1130 564; x_wconf 83' lang='lat' dir='ltr'>negant</span> <span class='ocrx_word' id='word_1_22' title='bbox 1141 503 1211 546; x_wconf 87' lang='lat' dir='ltr'>eum</span> <span class='ocrx_word' id='word_1_23' title='bbox 1223 486 1271 546; x_wconf 92' lang='lat' dir='ltr'>lo·</span> 
     </span>
    </p>

    <p class='ocr_par' dir='ltr' id='par_1_3' title="bbox 141 568 1323 1243">
     <span class='ocr_line' id='line_1_4' title="bbox 141 568 1271 650; baseline -0.004 -15"><span class='ocrx_word' id='word_1_24' title='bbox 141 635 146 645; x_wconf 82' lang='grc'><strong>,</strong></span> <span class='ocrx_word' id='word_1_25' title='bbox 197 593 293 636; x_wconf 87' lang='lat' dir='ltr'>cuma</span> <span class='ocrx_word' id='word_1_26' title='bbox 309 573 448 634; x_wconf 80' lang='lat' dir='ltr'><strong>Panaetio</strong></span> <span class='ocrx_word' id='word_1_27' title='bbox 465 573 719 650; x_wconf 87' lang='lat' dir='ltr'>praetermissum,</span> <span class='ocrx_word' id='word_1_28' title='bbox 752 571 802 630; x_wconf 92' lang='lat' dir='ltr'>sed</span> <span class='ocrx_word' id='word_1_29' title='bbox 820 570 957 630; x_wconf 87' lang='lat' dir='ltr'>consulto</span> <span class='ocrx_word' id='word_1_30' title='bbox 975 568 1112 630; x_wconf 88' lang='lat' dir='ltr'>relictum</span> <span class='ocrx_word' id='word_1_31' title='bbox 1129 588 1186 630; x_wconf 88' lang='lat' dir='ltr'>nec</span> <span class='ocrx_word' id='word_1_32' title='bbox 1202 590 1271 630; x_wconf 93' lang='lat' dir='ltr'>om-</span> 
     </span>
     <span class='ocr_line' id='line_1_5' title="bbox 196 655 1272 736; baseline -0.004 -16"><span class='ocrx_word' id='word_1_33' title='bbox 196 661 270 720; x_wconf 92' lang='lat' dir='ltr'>nino</span> <span class='ocrx_word' id='word_1_34' title='bbox 285 658 476 719; x_wconf 87' lang='lat' dir='ltr'>scribendum</span> <span class='ocrx_word' id='word_1_35' title='bbox 490 656 590 729; x_wconf 87' lang='lat' dir='ltr'>luisse,</span> <span class='ocrx_word' id='word_1_36' title='bbox 614 658 683 736; x_wconf 86' lang='lat' dir='ltr'>quia</span> <span class='ocrx_word' id='word_1_37' title='bbox 701 673 867 734; x_wconf 85' lang='lat' dir='ltr'><strong>numquam</strong></span> <span class='ocrx_word' id='word_1_38' title='bbox 884 662 986 732; x_wconf 89' lang='lat' dir='ltr'>posset</span> <span class='ocrx_word' id='word_1_39' title='bbox 1001 655 1111 715; x_wconf 87' lang='lat' dir='ltr'>utilitas</span> <span class='ocrx_word' id='word_1_40' title='bbox 1129 673 1198 716; x_wconf 90' lang='lat' dir='ltr'>cum</span> <span class='ocrx_word' id='word_1_41' title='bbox 1214 656 1272 717; x_wconf 93' lang='lat' dir='ltr'>ho-</span> 
     </span>
     <span class='ocr_line' id='line_1_6' title="bbox 198 739 1307 823; baseline -0.007 -18"><span class='ocrx_word' id='word_1_42' title='bbox 198 752 313 805; x_wconf 89' lang='lat' dir='ltr'>nestate</span> <span class='ocrx_word' id='word_1_43' title='bbox 329 762 469 823; x_wconf 82' lang='lat' dir='ltr'>pugnare.</span> <span class='ocrx_word' id='word_1_44' title='bbox 513 742 555 802; x_wconf 89' lang='lat' dir='ltr'>lle</span> <span class='ocrx_word' id='word_1_45' title='bbox 578 761 637 821; x_wconf 93' lang='lat' dir='ltr'>quo</span> <span class='ocrx_word' id='word_1_46' title='bbox 653 743 779 803; x_wconf 88' lang='lat' dir='ltr'>alterum</span> <span class='ocrx_word' id='word_1_47' title='bbox 796 747 894 820; x_wconf 90' lang='lat' dir='ltr'>potest</span> <span class='ocrx_word' id='word_1_48' title='bbox 908 739 1018 801; x_wconf 89' lang='lat' dir='ltr'>hahere</span> <span class='ocrx_word' id='word_1_49' title='bbox 1039 739 1271 814; x_wconf 68' lang='lat' dir='ltr'>dubitationem,</span> <span class='ocrx_word' id='word_1_50' title='bbox 1293 750 1307 797; x_wconf 87' lang='lat'><strong>5</strong></span> 
     </span>
     <span class='ocr_line' id='line_1_7' title="bbox 197 823 1273 906; baseline -0.005 -15"><span class='ocrx_word' id='word_1_51' title='bbox 197 828 437 891; x_wconf 71' lang='lat' dir='ltr'>adhibendumne</span> <span class='ocrx_word' id='word_1_52' title='bbox 450 826 542 888; x_wconf 86' lang='lat' dir='ltr'>luerit</span> <span class='ocrx_word' id='word_1_53' title='bbox 558 827 730 906; x_wconf 76' lang='lat' dir='ltr'>borgenne,</span> <span class='ocrx_word' id='word_1_54' title='bbox 757 826 835 904; x_wconf 90' lang='lat' dir='ltr'>quod</span> <span class='ocrx_word' id='word_1_55' title='bbox 852 824 882 886; x_wconf 93' lang='lat' dir='ltr'>in</span> <span class='ocrx_word' id='word_1_56' title='bbox 898 823 1042 885; x_wconf 89' lang='lat' dir='ltr'>divisione</span> <span class='ocrx_word' id='word_1_57' title='bbox 1057 825 1191 886; x_wconf 79' lang='lat' dir='ltr'>Panaetii</span> <span class='ocrx_word' id='word_1_58' title='bbox 1206 835 1273 887; x_wconf 91' lang='lat' dir='ltr'>ter-</span> 
     </span>
     <span class='ocr_line' id='line_1_8' title="bbox 198 909 1273 992; baseline -0.003 -17"><span class='ocrx_word' id='word_1_59' title='bbox 198 915 272 976; x_wconf 90' lang='lat' dir='ltr'>tium</span> <span class='ocrx_word' id='word_1_60' title='bbox 286 922 341 987; x_wconf 80' lang='lat' dir='ltr'>est,</span> <span class='ocrx_word' id='word_1_61' title='bbox 356 932 393 974; x_wconf 91' lang='lat' dir='ltr'>an</span> <span class='ocrx_word' id='word_1_62' title='bbox 406 915 491 992; x_wconf 85' lang='lat' dir='ltr'>plane</span> <span class='ocrx_word' id='word_1_63' title='bbox 504 912 714 983; x_wconf 87' lang='lat' dir='ltr'>omittendum,</span> <span class='ocrx_word' id='word_1_64' title='bbox 727 913 852 972; x_wconf 89' lang='lat' dir='ltr'>alterum</span> <span class='ocrx_word' id='word_1_65' title='bbox 867 909 995 972; x_wconf 88' lang='lat' dir='ltr'>dubitari</span> <span class='ocrx_word' id='word_1_66' title='bbox 1004 928 1065 970; x_wconf 89' lang='lat' dir='ltr'>non</span> <span class='ocrx_word' id='word_1_67' title='bbox 1074 919 1183 989; x_wconf 87' lang='lat' dir='ltr'>potest,</span> <span class='ocrx_word' id='word_1_68' title='bbox 1196 913 1273 991; x_wconf 88' lang='lat' dir='ltr'>quin</span> 
     </span>
     <span class='ocr_line' id='line_1_9' title="bbox 198 995 1272 1077; baseline -0.003 -16"><span class='ocrx_word' id='word_1_69' title='bbox 198 999 368 1061; x_wconf 90' lang='lat' dir='ltr'>aPanaetio</span> <span class='ocrx_word' id='word_1_70' title='bbox 385 1006 559 1077; x_wconf 87' lang='lat' dir='ltr'>susceptum</span> <span class='ocrx_word' id='word_1_71' title='bbox 581 997 629 1069; x_wconf 84' lang='lat' dir='ltr'>sit,</span> <span class='ocrx_word' id='word_1_72' title='bbox 651 998 704 1058; x_wconf 91' lang='lat' dir='ltr'>sed</span> <span class='ocrx_word' id='word_1_73' title='bbox 725 996 871 1057; x_wconf 89' lang='lat' dir='ltr'>relictum.</span> <span class='ocrx_word' id='word_1_74' title='bbox 915 995 991 1055; x_wconf 87' lang='lat' dir='ltr'>Nam</span> <span class='ocrx_word' id='word_1_75' title='bbox 1013 995 1065 1074; x_wconf 91' lang='lat' dir='ltr'>qui</span> <span class='ocrx_word' id='word_1_76' title='bbox 1086 1014 1102 1055; x_wconf 87' lang='lat' dir='ltr'>e</span> <span class='ocrx_word' id='word_1_77' title='bbox 1125 995 1272 1058; x_wconf 86' lang='lat' dir='ltr'>divisione</span> 
     </span>
     <span class='ocr_line' id='line_1_10' title="bbox 197 1079 1271 1164; baseline -0.004 -19"><span class='ocrx_word' id='word_1_78' title='bbox 197 1085 343 1164; x_wconf 88' lang='lat' dir='ltr'>tripertita</span> <span class='ocrx_word' id='word_1_79' title='bbox 355 1085 427 1145; x_wconf 90' lang='lat' dir='ltr'>duas</span> <span class='ocrx_word' id='word_1_80' title='bbox 440 1092 539 1162; x_wconf 87' lang='lat' dir='ltr'>partes</span> <span class='ocrx_word' id='word_1_81' title='bbox 551 1082 721 1151; x_wconf 87' lang='lat' dir='ltr'>absolverit,</span> <span class='ocrx_word' id='word_1_82' title='bbox 736 1079 807 1143; x_wconf 87' lang='lat' dir='ltr'>huic</span> <span class='ocrx_word' id='word_1_83' title='bbox 821 1097 944 1141; x_wconf 87' lang='lat' dir='ltr'>necesse</span> <span class='ocrx_word' id='word_1_84' title='bbox 956 1087 1003 1140; x_wconf 86' lang='lat' dir='ltr'>est</span> <span class='ocrx_word' id='word_1_85' title='bbox 1013 1087 1127 1140; x_wconf 88' lang='lat' dir='ltr'>restare</span> <span class='ocrx_word' id='word_1_86' title='bbox 1139 1081 1271 1142; x_wconf 83' lang='lat' dir='ltr'>tertiam.</span> 
     </span>
     <span class='ocr_line' id='line_1_11' title="bbox 200 1164 1323 1243; baseline -0.004 -13"><span class='ocrx_word' id='word_1_87' title='bbox 200 1171 353 1232; x_wconf 85' lang='lat' dir='ltr'>Praeterea</span> <span class='ocrx_word' id='word_1_88' title='bbox 370 1170 402 1229; x_wconf 93' lang='lat' dir='ltr'>in</span> <span class='ocrx_word' id='word_1_89' title='bbox 419 1179 552 1230; x_wconf 84' lang='lat' dir='ltr'>extremo</span> <span class='ocrx_word' id='word_1_90' title='bbox 568 1168 644 1228; x_wconf 89' lang='lat' dir='ltr'>libro</span> <span class='ocrx_word' id='word_1_91' title='bbox 659 1167 748 1228; x_wconf 91' lang='lat' dir='ltr'>tertio</span> <span class='ocrx_word' id='word_1_92' title='bbox 764 1167 802 1226; x_wconf 89' lang='lat' dir='ltr'>de</span> <span class='ocrx_word' id='word_1_93' title='bbox 816 1166 871 1226; x_wconf 92' lang='lat' dir='ltr'>hac</span> <span class='ocrx_word' id='word_1_94' title='bbox 878 1173 961 1243; x_wconf 91' lang='lat' dir='ltr'>parte</span> <span class='ocrx_word' id='word_1_95' title='bbox 973 1164 1129 1243; x_wconf 85' lang='lat' dir='ltr'>pollicetur</span> <span class='ocrx_word' id='word_1_96' title='bbox 1139 1184 1173 1227; x_wconf 88' lang='lat' dir='ltr'>se</span> <span class='ocrx_word' id='word_1_97' title='bbox 1185 1167 1273 1228; x_wconf 88' lang='lat' dir='ltr'>dein·</span> <span class='ocrx_word' id='word_1_98' title='bbox 1294 1179 1323 1227; x_wconf 86' lang='lat' dir='ltr'>to</span> 
     </span>
    </p>

    <p class='ocr_par' dir='ltr' id='par_1_4' title="bbox 149 1249 1320 1928">
     <span class='ocr_line' id='line_1_12' title="bbox 149 1249 1271 1335; baseline -0.004 -16"><span class='ocrx_word' id='word_1_99' title='bbox 149 1268 178 1319; x_wconf 91' lang='lat'>10</span> <span class='ocrx_word' id='word_1_100' title='bbox 198 1275 267 1335; x_wconf 87' lang='lat' dir='ltr'>ceps</span> <span class='ocrx_word' id='word_1_101' title='bbox 289 1253 354 1316; x_wconf 76' lang='lat' dir='ltr'>esse</span> <span class='ocrx_word' id='word_1_102' title='bbox 377 1255 537 1314; x_wconf 88' lang='lat' dir='ltr'>dicturum.</span> <span class='ocrx_word' id='word_1_103' title='bbox 581 1253 700 1314; x_wconf 82' lang='lat' dir='ltr'>Accedit</span> <span class='ocrx_word' id='word_1_104' title='bbox 715 1252 820 1313; x_wconf 87' lang='lat' dir='ltr'>eodem</span> <span class='ocrx_word' id='word_1_105' title='bbox 837 1249 922 1311; x_wconf 88' lang='lat' dir='ltr'>testis</span> <span class='ocrx_word' id='word_1_106' title='bbox 938 1251 1069 1329; x_wconf 79' lang='lat' dir='ltr'>locuples</span> <span class='ocrx_word' id='word_1_107' title='bbox 1082 1249 1271 1326; x_wconf 85' lang='lat' dir='ltr'>Posidonius,</span> 
     </span>
     <span class='ocr_line' id='line_1_13' title="bbox 197 1335 1274 1421; baseline -0.003 -19"><span class='ocrx_word' id='word_1_108' title='bbox 197 1341 248 1421; x_wconf 90' lang='lat' dir='ltr'>qui</span> <span class='ocrx_word' id='word_1_109' title='bbox 272 1341 360 1401; x_wconf 89' lang='lat' dir='ltr'>etiam</span> <span class='ocrx_word' id='word_1_110' title='bbox 383 1339 485 1400; x_wconf 83' lang='lat' dir='ltr'>scribit</span> <span class='ocrx_word' id='word_1_111' title='bbox 507 1338 538 1398; x_wconf 93' lang='lat' dir='ltr'>in</span> <span class='ocrx_word' id='word_1_112' title='bbox 555 1339 683 1416; x_wconf 90' lang='lat' dir='ltr'>quadam</span> <span class='ocrx_word' id='word_1_113' title='bbox 699 1336 821 1416; x_wconf 88' lang='lat' dir='ltr'>epistola</span> <span class='ocrx_word' id='word_1_114' title='bbox 834 1335 866 1396; x_wconf 87' lang='lat' dir='ltr'>P.</span> <span class='ocrx_word' id='word_1_115' title='bbox 882 1335 1027 1396; x_wconf 87' lang='lat' dir='ltr'>Rutilium</span> <span class='ocrx_word' id='word_1_116' title='bbox 1043 1335 1154 1396; x_wconf 83' lang='lat' dir='ltr'>Rufum</span> <span class='ocrx_word' id='word_1_117' title='bbox 1172 1337 1274 1399; x_wconf 88' lang='lat' dir='ltr'>dicere</span> 
     </span>
     <span class='ocr_line' id='line_1_14' title="bbox 197 1421 1272 1504; baseline -0.004 -16"><span class='ocrx_word' id='word_1_118' title='bbox 197 1426 304 1497; x_wconf 90' lang='lat' dir='ltr'>solere,</span> <span class='ocrx_word' id='word_1_119' title='bbox 331 1424 383 1504; x_wconf 90' lang='lat' dir='ltr'>qni</span> <span class='ocrx_word' id='word_1_120' title='bbox 398 1423 572 1485; x_wconf 85' lang='lat' dir='ltr'>Panaetium</span> <span class='ocrx_word' id='word_1_121' title='bbox 591 1423 730 1496; x_wconf 82' lang='lat' dir='ltr'>audierat,</span> <span class='ocrx_word' id='word_1_122' title='bbox 753 1431 787 1483; x_wconf 91' lang='lat' dir='ltr'>ut</span> <span class='ocrx_word' id='word_1_123' title='bbox 809 1439 899 1481; x_wconf 90' lang='lat' dir='ltr'>nemo</span> <span class='ocrx_word' id='word_1_124' title='bbox 915 1421 1011 1499; x_wconf 90' lang='lat' dir='ltr'>pictor</span> <span class='ocrx_word' id='word_1_125' title='bbox 1027 1428 1106 1482; x_wconf 89' lang='lat' dir='ltr'>esset</span> <span class='ocrx_word' id='word_1_126' title='bbox 1121 1421 1272 1497; x_wconf 84' lang='lat' dir='ltr'>inventus,</span> 
     </span>
     <span class='ocr_line' id='line_1_15' title="bbox 198 1505 1273 1591; baseline -0.002 -21"><span class='ocrx_word' id='word_1_127' title='bbox 198 1511 248 1591; x_wconf 87' lang='lat' dir='ltr'>qui</span> <span class='ocrx_word' id='word_1_128' title='bbox 265 1511 296 1570; x_wconf 92' lang='lat' dir='ltr'>in</span> <span class='ocrx_word' id='word_1_129' title='bbox 312 1511 369 1571; x_wconf 84' lang='lat' dir='ltr'>Coa</span> <span class='ocrx_word' id='word_1_130' title='bbox 387 1510 500 1569; x_wconf 87' lang='lat' dir='ltr'>Venere</span> <span class='ocrx_word' id='word_1_131' title='bbox 521 1527 588 1568; x_wconf 80' lang='lat' dir='ltr'>eant</span> <span class='ocrx_word' id='word_1_132' title='bbox 609 1518 740 1587; x_wconf 88' lang='lat' dir='ltr'>partem,</span> <span class='ocrx_word' id='word_1_133' title='bbox 765 1523 854 1586; x_wconf 90' lang='lat' dir='ltr'>quam</span> <span class='ocrx_word' id='word_1_134' title='bbox 880 1505 997 1584; x_wconf 78' lang='lat' dir='ltr'>Apelles</span> <span class='ocrx_word' id='word_1_135' title='bbox 1011 1505 1183 1566; x_wconf 90' lang='lat' dir='ltr'>inchoatam</span> <span class='ocrx_word' id='word_1_136' title='bbox 1200 1509 1273 1569; x_wconf 89' lang='lat' dir='ltr'>reli·</span> 
     </span>
     <span class='ocr_line' id='line_1_16' title="bbox 200 1580 1320 1675; baseline -0.006 -21"><span class='ocrx_word' id='word_1_137' title='bbox 200 1580 329 1675; x_wconf 47' lang='lat' dir='ltr'>met,</span> <span class='ocrx_word' id='word_1_138' title='bbox 360 1593 526 1654; x_wconf 89' lang='lat' dir='ltr'>absolveret</span> <span class='ocrx_word' id='word_1_139' title='bbox 551 1631 594 1638; x_wconf 95' lang='lat'>—</span> <span class='ocrx_word' id='word_1_140' title='bbox 620 1595 678 1654; x_wconf 89' lang='lat' dir='ltr'>oris</span> <span class='ocrx_word' id='word_1_141' title='bbox 705 1592 785 1654; x_wconf 89' lang='lat' dir='ltr'>enim</span> <span class='ocrx_word' id='word_1_142' title='bbox 808 1591 998 1670; x_wconf 85' lang='lat' dir='ltr'>pulchritudo</span> <span class='ocrx_word' id='word_1_143' title='bbox 1013 1591 1119 1670; x_wconf 85' lang='lat' dir='ltr'>reliqui</span> <span class='ocrx_word' id='word_1_144' title='bbox 1134 1594 1273 1671; x_wconf 88' lang='lat' dir='ltr'>corporis</span> <span class='ocrx_word' id='word_1_145' title='bbox 1292 1601 1320 1650; x_wconf 85' lang='lat'>15</span> 
     </span>
     <span class='ocr_line' id='line_1_17' title="bbox 199 1675 1272 1758; baseline -0.003 -17"><span class='ocrx_word' id='word_1_146' title='bbox 199 1679 334 1741; x_wconf 89' lang='lat' dir='ltr'>imitandi</span> <span class='ocrx_word' id='word_1_147' title='bbox 357 1697 439 1758; x_wconf 89' lang='lat' dir='ltr'>spem</span> <span class='ocrx_word' id='word_1_148' title='bbox 463 1679 615 1740; x_wconf 84' lang='lat' dir='ltr'>auferebat</span> <span class='ocrx_word' id='word_1_149' title='bbox 632 1713 672 1724; x_wconf 90' lang='lat'><em>-</em></span> <span class='ocrx_word' id='word_1_150' title='bbox 688 1679 731 1740; x_wconf 89' lang='lat' dir='ltr'>sic</span> <span class='ocrx_word' id='word_1_151' title='bbox 746 1696 795 1748; x_wconf 86' lang='lat' dir='ltr'>ea,</span> <span class='ocrx_word' id='word_1_152' title='bbox 827 1694 903 1755; x_wconf 88' lang='lat' dir='ltr'>quae</span> <span class='ocrx_word' id='word_1_153' title='bbox 920 1675 1077 1737; x_wconf 89' lang='lat' dir='ltr'>Panaetius</span> <span class='ocrx_word' id='word_1_154' title='bbox 1093 1679 1272 1755; x_wconf 89' lang='lat' dir='ltr'>praetermi-</span> 
     </span>
     <span class='ocr_line' id='line_1_18' title="bbox 198 1761 1273 1844; baseline -0.001 -18"><span class='ocrx_word' id='word_1_155' title='bbox 198 1767 287 1826; x_wconf 89' lang='lat' dir='ltr'>sisset</span> <span class='ocrx_word' id='word_1_156' title='bbox 302 1767 340 1842; x_wconf 88' lang='lat' dir='ltr'>[et</span> <span class='ocrx_word' id='word_1_157' title='bbox 352 1782 414 1826; x_wconf 93' lang='lat' dir='ltr'>nen</span> <span class='ocrx_word' id='word_1_158' title='bbox 426 1761 623 1844; x_wconf 86' lang='lat' dir='ltr'>perfecisset]‚</span> <span class='ocrx_word' id='word_1_159' title='bbox 635 1773 758 1843; x_wconf 89' lang='lat' dir='ltr'>propter</span> <span class='ocrx_word' id='word_1_160' title='bbox 769 1781 886 1834; x_wconf 89' lang='lat' dir='ltr'>eorum,</span> <span class='ocrx_word' id='word_1_161' title='bbox 901 1780 976 1840; x_wconf 88' lang='lat' dir='ltr'>quae</span> <span class='ocrx_word' id='word_1_162' title='bbox 988 1761 1172 1840; x_wconf 82' lang='lat' dir='ltr'>perfecisset,</span> <span class='ocrx_word' id='word_1_163' title='bbox 1184 1782 1273 1842; x_wconf 89' lang='lat' dir='ltr'>prae-</span> 
     </span>
     <span class='ocr_line' id='line_1_19' title="bbox 200 1851 721 1928; baseline -0.004 -17"><span class='ocrx_word' id='word_1_164' title='bbox 200 1851 336 1911; x_wconf 84' lang='lat' dir='ltr'>stantiam</span> <span class='ocrx_word' id='word_1_165' title='bbox 353 1851 503 1911; x_wconf 89' lang='lat' dir='ltr'>neminem</span> <span class='ocrx_word' id='word_1_166' title='bbox 520 1857 721 1928; x_wconf 90' lang='lat' dir='ltr'>persecutum.</span> 
     </span>
    </p>
   </div>
   <div class='ocr_carea' id='block_1_3' title="bbox 129 2003 1381 3978">
    <p class='ocr_par' dir='ltr' id='par_1_5' title="bbox 129 2003 1381 3978">
     <span class='ocr_line' id='line_1_20' title="bbox 199 2003 1381 2072; baseline -0.003 -15"><span class='ocrx_word' id='word_1_167' title='bbox 199 2005 261 2057; x_wconf 94' lang='lat' dir='ltr'>XVl</span> <span class='ocrx_word' id='word_1_168' title='bbox 276 2007 316 2070; x_wconf 92' lang='grc'>11,</span> <span class='ocrx_word' id='word_1_169' title='bbox 336 2007 353 2056; x_wconf 90' lang='grc'>4</span> <span class='ocrx_word' id='word_1_170' title='bbox 374 2021 430 2056; x_wconf 82' lang='lat' dir='ltr'>earn</span> <span class='ocrx_word' id='word_1_171' title='bbox 452 2005 534 2056; x_wconf 70' lang='lat' dir='ltr'>utun</span> <span class='ocrx_word' id='word_1_172' title='bbox 551 2003 706 2054; x_wconf 75' lang='lat' dir='ltr'>Posidonius</span> <span class='ocrx_word' id='word_1_173' title='bbox 760 2003 1272 2065; x_wconf 80' lang='lat' dir='ltr'>ceni,hehenntlichLeuteansdemllit-</span> <span class='ocrx_word' id='word_1_174' title='bbox 1380 2021 1381 2072; x_wconf 67' lang='lat' dir='ltr'>t</span> 
     </span>
     <span class='ocr_line' id='line_1_21' title="bbox 196 2072 1381 2143; baseline -0.003 -18"><span class='ocrx_word' id='word_1_175' title='bbox 196 2079 353 2143; x_wconf 83' lang='lat' dir='ltr'>persecutas.</span> <span class='ocrx_word' id='word_1_176' title='bbox 399 2074 456 2139; x_wconf 79' lang='lat' dir='ltr'>Ego</span> <span class='ocrx_word' id='word_1_177' title='bbox 485 2077 571 2123; x_wconf 74' lang='lat' dir='ltr'>natan</span> <span class='ocrx_word' id='word_1_178' title='bbox 594 2077 621 2122; x_wconf 85' lang='lat' dir='ltr'>et</span> <span class='ocrx_word' id='word_1_179' title='bbox 649 2075 706 2122; x_wconf 85' lang='lat' dir='ltr'>eins</span> <span class='ocrx_word' id='word_1_180' title='bbox 760 2072 1034 2135; x_wconf 65' lang='lat' dir='ltr'>tererentaschinne,</span> <span class='ocrx_word' id='word_1_181' title='bbox 1048 2072 1135 2122; x_wconf 81' lang='lat' dir='ltr'>werde</span> <span class='ocrx_word' id='word_1_182' title='bbox 1148 2087 1176 2122; x_wconf 89' lang='lat' dir='ltr'>er</span> <span class='ocrx_word' id='word_1_183' title='bbox 1190 2072 1271 2123; x_wconf 86' lang='lat' dir='ltr'>selhst</span> <span class='ocrx_word' id='word_1_184' title='bbox 1380 2097 1381 2116; x_wconf 59' lang='lat' dir='ltr'>i</span> 
     </span>
     <span class='ocr_line' id='line_1_22' title="bbox 200 2139 1272 2206; baseline -0.002 -12"><span class='ocrx_word' id='word_1_185' title='bbox 200 2144 294 2194; x_wconf 83' lang='lat' dir='ltr'>librum</span> <span class='ocrx_word' id='word_1_186' title='bbox 305 2144 429 2193; x_wconf 74' lang='lat' dir='ltr'>arcessivi</span> <span class='ocrx_word' id='word_1_187' title='bbox 438 2146 461 2192; x_wconf 89' lang='lat' dir='ltr'>et</span> <span class='ocrx_word' id='word_1_188' title='bbox 472 2141 508 2193; x_wconf 87' lang='lat' dir='ltr'>ad</span> <span class='ocrx_word' id='word_1_189' title='bbox 513 2139 707 2190; x_wconf 82' lang='lat' dir='ltr'>Athenodorum</span> <span class='ocrx_word' id='word_1_190' title='bbox 760 2141 803 2192; x_wconf 86' lang='lat' dir='ltr'>hei</span> <span class='ocrx_word' id='word_1_191' title='bbox 816 2141 902 2193; x_wconf 85' lang='lat' dir='ltr'>seiner</span> <span class='ocrx_word' id='word_1_192' title='bbox 915 2140 1051 2190; x_wconf 82' lang='lat' dir='ltr'>lliiclrhehr</span> <span class='ocrx_word' id='word_1_193' title='bbox 1064 2140 1272 2206; x_wconf 72' lang='lat' dir='ltr'>wegenlirpres-</span> 
     </span>
     <span class='ocr_line' id='line_1_23' title="bbox 202 2199 1271 2277; baseline -0.002 -16"><span class='ocrx_word' id='word_1_194' title='bbox 202 2209 307 2261; x_wconf 80' lang='lat' dir='ltr'>Caluum</span> <span class='ocrx_word' id='word_1_195' title='bbox 319 2212 420 2276; x_wconf 82' lang='lat' dir='ltr'>scripsi,</span> <span class='ocrx_word' id='word_1_196' title='bbox 439 2213 467 2260; x_wconf 83' lang='lat' dir='ltr'>ut</span> <span class='ocrx_word' id='word_1_197' title='bbox 479 2210 514 2260; x_wconf 86' lang='lat' dir='ltr'>ad</span> <span class='ocrx_word' id='word_1_198' title='bbox 523 2225 564 2259; x_wconf 86' lang='lat' dir='ltr'>me</span> <span class='ocrx_word' id='word_1_199' title='bbox 575 2205 606 2258; x_wconf 79' lang='lat' dir='ltr'>ni</span> <span class='ocrx_word' id='word_1_200' title='bbox 622 2199 707 2277; x_wconf 76' lang='grc' dir='ltr'><em>κεφά·</em></span> <span class='ocrx_word' id='word_1_201' title='bbox 760 2225 857 2274; x_wconf 79' lang='lat' dir='ltr'>surgen</span> <span class='ocrx_word' id='word_1_202' title='bbox 871 2208 1009 2273; x_wconf 77' lang='lat' dir='ltr'>engehlegt</span> <span class='ocrx_word' id='word_1_203' title='bbox 1026 2209 1075 2259; x_wconf 89' lang='lat' dir='ltr'>und</span> <span class='ocrx_word' id='word_1_204' title='bbox 1089 2223 1140 2258; x_wconf 89' lang='lat' dir='ltr'>von</span> <span class='ocrx_word' id='word_1_205' title='bbox 1153 2210 1200 2259; x_wconf 90' lang='lat' dir='ltr'>den</span> <span class='ocrx_word' id='word_1_206' title='bbox 1216 2207 1271 2259; x_wconf 81' lang='lat' dir='ltr'>hit-</span> 
     </span>
     <span class='ocr_line' id='line_1_24' title="bbox 199 2276 1271 2359; baseline -0.005 -29"><span class='ocrx_word' id='word_1_207' title='bbox 199 2281 263 2330; x_wconf 82' lang='lat' dir='ltr'>tasa</span> <span class='ocrx_word' id='word_1_208' title='bbox 275 2282 396 2343; x_wconf 82' lang='lat' dir='ltr'>mitteret,</span> <span class='ocrx_word' id='word_1_209' title='bbox 410 2293 473 2342; x_wconf 84' lang='lat' dir='ltr'>quaa</span> <span class='ocrx_word' id='word_1_210' title='bbox 484 2281 598 2359; x_wconf 78' lang='lat' dir='ltr'>ecpeete.</span> <span class='ocrx_word' id='word_1_211' title='bbox 619 2304 652 2313; x_wconf 93' lang='lat'><strong>—</strong></span> <span class='ocrx_word' id='word_1_212' title='bbox 676 2276 706 2326; x_wconf 94' lang='lat' dir='ltr'>In</span> <span class='ocrx_word' id='word_1_213' title='bbox 760 2286 827 2343; x_wconf 85' lang='lat' dir='ltr'>tam,</span> <span class='ocrx_word' id='word_1_214' title='bbox 838 2277 880 2327; x_wconf 90' lang='lat' dir='ltr'>die</span> <span class='ocrx_word' id='word_1_215' title='bbox 889 2276 1271 2340; x_wconf 84' lang='lat' dir='ltr'>dnmnlsdieGerichtehatteo‚</span> 
     </span>
     <span class='ocr_line' id='line_1_25' title="bbox 200 2345 1272 2415; baseline -0.002 -18"><span class='ocrx_word' id='word_1_216' title='bbox 200 2361 229 2397; x_wconf 90' lang='lat' dir='ltr'>eo</span> <span class='ocrx_word' id='word_1_217' title='bbox 250 2349 289 2396; x_wconf 88' lang='lat' dir='ltr'>est</span> <span class='ocrx_word' id='word_1_218' title='bbox 309 2347 373 2410; x_wconf 79' lang='grc' dir='ltr'>περὶ</span> <span class='ocrx_word' id='word_1_219' title='bbox 393 2347 442 2396; x_wconf 81' lang='grc' dir='ltr'>τοῦ</span> <span class='ocrx_word' id='word_1_220' title='bbox 462 2363 528 2396; x_wconf 83' lang='grc' dir='ltr'><strong><em>κατα</em></strong></span> <span class='ocrx_word' id='word_1_221' title='bbox 545 2348 709 2415; x_wconf 80' lang='grc' dir='ltr'><strong><em>περίστασιν</em></strong></span> <span class='ocrx_word' id='word_1_222' title='bbox 760 2346 925 2406; x_wconf 86' lang='lat' dir='ltr'>verurtheilt‚</span> <span class='ocrx_word' id='word_1_223' title='bbox 944 2345 1061 2408; x_wconf 75' lang='lat' dir='ltr'>obgleich</span> <span class='ocrx_word' id='word_1_224' title='bbox 1075 2346 1157 2395; x_wconf 77' lang='lat' dir='ltr'>erola</span> <span class='ocrx_word' id='word_1_225' title='bbox 1171 2345 1272 2395; x_wconf 82' lang='lat' dir='ltr'>Muster</span> 
     </span>
     <span class='ocr_line' id='line_1_26' title="bbox 199 2411 1272 2479; baseline -0.002 -15"><span class='ocrx_word' id='word_1_226' title='bbox 199 2411 380 2478; x_wconf 73' lang='grc' dir='ltr'>καθήκοντος,</span> <span class='ocrx_word' id='word_1_227' title='bbox 405 2416 428 2464; x_wconf 76' lang='lat' dir='ltr'>d,</span> <span class='ocrx_word' id='word_1_228' title='bbox 446 2416 469 2464; x_wconf 86' lang='lat' dir='ltr'>h.</span> <span class='ocrx_word' id='word_1_229' title='bbox 491 2415 556 2465; x_wconf 82' lang='lat' dir='ltr'>iiber</span> <span class='ocrx_word' id='word_1_230' title='bbox 574 2417 627 2479; x_wconf 87' lang='lat' dir='ltr'>das,</span> <span class='ocrx_word' id='word_1_231' title='bbox 652 2429 706 2464; x_wconf 85' lang='lat' dir='ltr'>was</span> <span class='ocrx_word' id='word_1_232' title='bbox 761 2416 808 2465; x_wconf 90' lang='lat' dir='ltr'>der</span> <span class='ocrx_word' id='word_1_233' title='bbox 826 2413 988 2464; x_wconf 82' lang='lat' dir='ltr'>Redlichheit</span> <span class='ocrx_word' id='word_1_234' title='bbox 1012 2413 1124 2464; x_wconf 82' lang='lat' dir='ltr'>bekannt</span> <span class='ocrx_word' id='word_1_235' title='bbox 1143 2427 1205 2464; x_wconf 83' lang='lat' dir='ltr'>war.</span> <span class='ocrx_word' id='word_1_236' title='bbox 1236 2413 1272 2462; x_wconf 83' lang='lat' dir='ltr'>Er</span> 
     </span>
     <span class='ocr_line' id='line_1_27' title="bbox 200 2481 1271 2547; baseline -0.004 -13"><span class='ocrx_word' id='word_1_237' title='bbox 200 2489 276 2534; x_wconf 90' lang='lat' dir='ltr'>nnter</span> <span class='ocrx_word' id='word_1_238' title='bbox 289 2482 442 2535; x_wconf 80' lang='lat' dir='ltr'>Umatiinden</span> <span class='ocrx_word' id='word_1_239' title='bbox 462 2484 554 2535; x_wconf 88' lang='lat' dir='ltr'>Pllicht</span> <span class='ocrx_word' id='word_1_240' title='bbox 573 2485 617 2534; x_wconf 85' lang='lat' dir='ltr'>ist.</span> <span class='ocrx_word' id='word_1_241' title='bbox 644 2483 706 2532; x_wconf 87' lang='lat' dir='ltr'>llier</span> <span class='ocrx_word' id='word_1_242' title='bbox 760 2483 830 2534; x_wconf 88' lang='lat' dir='ltr'>lehte</span> <span class='ocrx_word' id='word_1_243' title='bbox 843 2481 936 2532; x_wconf 85' lang='lat' dir='ltr'>darenl</span> <span class='ocrx_word' id='word_1_244' title='bbox 946 2482 971 2531; x_wconf 91' lang='lat' dir='ltr'>in</span> <span class='ocrx_word' id='word_1_245' title='bbox 985 2483 1102 2547; x_wconf 78' lang='lat' dir='ltr'>Smyrna,</span> <span class='ocrx_word' id='word_1_246' title='bbox 1114 2481 1271 2546; x_wconf 71' lang='lat' dir='ltr'>hochgaeeh-</span> 
     </span>
     <span class='ocr_line' id='line_1_28' title="bbox 200 2551 1274 2611; baseline -0.003 -10"><span class='ocrx_word' id='word_1_247' title='bbox 200 2567 287 2602; x_wconf 87' lang='lat' dir='ltr'>waren</span> <span class='ocrx_word' id='word_1_248' title='bbox 308 2552 364 2602; x_wconf 89' lang='lat' dir='ltr'>also</span> <span class='ocrx_word' id='word_1_249' title='bbox 382 2552 425 2602; x_wconf 86' lang='lat' dir='ltr'>die</span> <span class='ocrx_word' id='word_1_250' title='bbox 437 2551 511 2602; x_wconf 82' lang='lat' dir='ltr'>Fiille</span> <span class='ocrx_word' id='word_1_251' title='bbox 523 2553 593 2602; x_wconf 84' lang='lat' dir='ltr'>eines</span> <span class='ocrx_word' id='word_1_252' title='bbox 608 2551 706 2601; x_wconf 85' lang='lat' dir='ltr'>sehein-</span> <span class='ocrx_word' id='word_1_253' title='bbox 760 2557 800 2602; x_wconf 88' lang='lat' dir='ltr'>tet</span> <span class='ocrx_word' id='word_1_254' title='bbox 817 2567 866 2601; x_wconf 90' lang='lat' dir='ltr'>ven</span> <span class='ocrx_word' id='word_1_255' title='bbox 885 2552 932 2601; x_wconf 89' lang='lat' dir='ltr'>den</span> <span class='ocrx_word' id='word_1_256' title='bbox 953 2551 1143 2611; x_wconf 85' lang='lat' dir='ltr'>Prevlneiolen,</span> <span class='ocrx_word' id='word_1_257' title='bbox 1161 2551 1212 2599; x_wconf 87' lang='lat' dir='ltr'>und</span> <span class='ocrx_word' id='word_1_258' title='bbox 1231 2551 1274 2599; x_wconf 85' lang='lat' dir='ltr'>be-</span> 
     </span>
     <span class='ocr_line' id='line_1_29' title="bbox 199 2615 1273 2682; baseline -0.003 -12"><span class='ocrx_word' id='word_1_259' title='bbox 199 2621 277 2670; x_wconf 84' lang='lat' dir='ltr'>beren</span> <span class='ocrx_word' id='word_1_260' title='bbox 303 2620 425 2671; x_wconf 79' lang='lat' dir='ltr'>conflicta</span> <span class='ocrx_word' id='word_1_261' title='bbox 448 2621 576 2670; x_wconf 83' lang='lat' dir='ltr'>zwischen</span> <span class='ocrx_word' id='word_1_262' title='bbox 601 2619 705 2681; x_wconf 76' lang='lat' dir='ltr'>&#39;l&#39;ugeod</span> <span class='ocrx_word' id='word_1_263' title='bbox 761 2618 898 2682; x_wconf 73' lang='lat' dir='ltr'>echtiltigte</span> <span class='ocrx_word' id='word_1_264' title='bbox 922 2620 978 2670; x_wconf 84' lang='lat' dir='ltr'>sich</span> <span class='ocrx_word' id='word_1_265' title='bbox 995 2619 1043 2669; x_wconf 83' lang='lat' dir='ltr'>mit</span> <span class='ocrx_word' id='word_1_266' title='bbox 1060 2615 1273 2668; x_wconf 79' lang='lat' dir='ltr'>wissenschahli·</span> 
     </span>
     <span class='ocr_line' id='line_1_30' title="bbox 199 2686 1274 2750; baseline -0.003 -12"><span class='ocrx_word' id='word_1_267' title='bbox 199 2689 250 2738; x_wconf 87' lang='lat' dir='ltr'>nntl</span> <span class='ocrx_word' id='word_1_268' title='bbox 263 2687 363 2739; x_wconf 84' lang='lat' dir='ltr'>Nntzan</span> <span class='ocrx_word' id='word_1_269' title='bbox 376 2688 520 2738; x_wconf 85' lang='lat' dir='ltr'>behendelt.</span> <span class='ocrx_word' id='word_1_270' title='bbox 538 2689 569 2737; x_wconf 88' lang='lat' dir='ltr'>ed</span> <span class='ocrx_word' id='word_1_271' title='bbox 581 2686 706 2738; x_wconf 81' lang='lat' dir='ltr'>Att.xv1</span> <span class='ocrx_word' id='word_1_272' title='bbox 761 2689 823 2738; x_wconf 89' lang='lat' dir='ltr'>chen</span> <span class='ocrx_word' id='word_1_273' title='bbox 837 2686 958 2749; x_wconf 87' lang='lat' dir='ltr'>Studian;</span> <span class='ocrx_word' id='word_1_274' title='bbox 982 2688 1050 2737; x_wconf 86' lang='lat' dir='ltr'>Brut.</span> <span class='ocrx_word' id='word_1_275' title='bbox 1064 2686 1104 2750; x_wconf 84' lang='lat'>30,</span> <span class='ocrx_word' id='word_1_276' title='bbox 1125 2686 1174 2738; x_wconf 79' lang='lat'>114</span> <span class='ocrx_word' id='word_1_277' title='bbox 1192 2693 1274 2736; x_wconf 85' lang='lat' dir='ltr'>nennt</span> 
     </span>
     <span class='ocr_line' id='line_1_31' title="bbox 202 2754 1273 2821; baseline -0.005 -12"><span class='ocrx_word' id='word_1_278' title='bbox 202 2759 243 2821; x_wconf 79' lang='grc'>11,</span> <span class='ocrx_word' id='word_1_279' title='bbox 264 2757 280 2805; x_wconf 89' lang='grc'>4</span> <span class='ocrx_word' id='word_1_280' title='bbox 302 2755 495 2806; x_wconf 79' lang='lat' dir='ltr'>Athenodorum</span> <span class='ocrx_word' id='word_1_281' title='bbox 511 2755 577 2805; x_wconf 81' lang='lat' dir='ltr'>nihil</span> <span class='ocrx_word' id='word_1_282' title='bbox 593 2755 708 2819; x_wconf 81' lang='lat' dir='ltr'>estquod</span> <span class='ocrx_word' id='word_1_283' title='bbox 763 2756 862 2807; x_wconf 86' lang='lat' dir='ltr'>ihnCie.</span> <span class='ocrx_word' id='word_1_284' title='bbox 877 2756 998 2805; x_wconf 81' lang='lat' dir='ltr'>Panaetii</span> <span class='ocrx_word' id='word_1_285' title='bbox 1006 2754 1116 2818; x_wconf 66' lang='lat' dir='ltr'>anditoa</span> <span class='ocrx_word' id='word_1_286' title='bbox 1126 2769 1206 2821; x_wconf 85' lang='lat' dir='ltr'>prope</span> <span class='ocrx_word' id='word_1_287' title='bbox 1214 2769 1273 2821; x_wconf 85' lang='lat' dir='ltr'>per-</span> 
     </span>
     <span class='ocr_line' id='line_1_32' title="bbox 199 2821 991 2906; baseline -0.004 -31"><span class='ocrx_word' id='word_1_288' title='bbox 199 2826 312 2906; x_wconf 66' lang='lat' dir='ltr'>hortem</span> <span class='ocrx_word' id='word_1_289' title='bbox 340 2826 415 2872; x_wconf 82' lang='lat' dir='ltr'>misit</span> <span class='ocrx_word' id='word_1_290' title='bbox 437 2825 505 2871; x_wconf 87' lang='lat' dir='ltr'>enim</span> <span class='ocrx_word' id='word_1_291' title='bbox 528 2825 593 2872; x_wconf 85' lang='lat' dir='ltr'>satis</span> <span class='ocrx_word' id='word_1_292' title='bbox 615 2821 708 2872; x_wconf 83' lang='lat' dir='ltr'>bellum</span> <span class='ocrx_word' id='word_1_293' title='bbox 756 2827 846 2890; x_wconf 80' lang='lat' dir='ltr'>factm</span> <span class='ocrx_word' id='word_1_294' title='bbox 857 2825 886 2872; x_wconf 83' lang='lat' dir='ltr'>in</span> <span class='ocrx_word' id='word_1_295' title='bbox 897 2825 991 2873; x_wconf 68' lang='lat' dir='ltr'>sicima.</span> 
     </span>
     <span class='ocr_line' id='line_1_33' title="bbox 200 2890 1273 3024; baseline -0.001 -15"><span class='ocrx_word' id='word_1_296' title='bbox 200 2890 640 3024; x_wconf 43' lang='lat' dir='ltr'>onpppjrppaqpio,viprsslpzlgpnpigmiipf.</span> <span class='ocrx_word' id='word_1_297' title='bbox 645 2976 651 3020; x_wconf 75' lang='grc' dir='ltr'><strong>ς</strong></span> <span class='ocrx_word' id='word_1_298' title='bbox 670 2959 680 3009; x_wconf 98' lang='lat' dir='ltr'>l</span> <span class='ocrx_word' id='word_1_299' title='bbox 692 2959 709 3024; x_wconf 64' lang='grc' dir='ltr'><strong>ξ</strong></span> <span class='ocrx_word' id='word_1_300' title='bbox 762 2890 1207 3023; x_wconf 42' lang='lat' dir='ltr'>Zaiig&#39;eirydggahihirngd’ersspffliii</span> <span class='ocrx_word' id='word_1_301' title='bbox 1220 2892 1273 3010; x_wconf 44' lang='lat' dir='ltr'>adeor?</span> 
     </span>
     <span class='ocr_line' id='line_1_34' title="bbox 201 3025 1273 3092; baseline -0.003 -14"><span class='ocrx_word' id='word_1_302' title='bbox 201 3029 231 3079; x_wconf 79' lang='lat'>21</span> <span class='ocrx_word' id='word_1_303' title='bbox 247 3043 282 3078; x_wconf 81' lang='lat' dir='ltr'>aa·</span> <span class='ocrx_word' id='word_1_304' title='bbox 293 3042 350 3092; x_wconf 82' lang='lat' dir='ltr'>pao,</span> <span class='ocrx_word' id='word_1_305' title='bbox 362 3026 528 3091; x_wconf 66' lang='lat' dir='ltr'>daupeinins.</span> <span class='ocrx_word' id='word_1_306' title='bbox 763 3044 812 3078; x_wconf 86' lang='lat' dir='ltr'>nen</span> <span class='ocrx_word' id='word_1_307' title='bbox 821 3027 991 3078; x_wconf 83' lang='lat' dir='ltr'>Leodslenten</span> <span class='ocrx_word' id='word_1_308' title='bbox 1010 3029 1037 3077; x_wconf 88' lang='lat' dir='ltr'>in</span> <span class='ocrx_word' id='word_1_309' title='bbox 1050 3025 1102 3077; x_wconf 87' lang='lat' dir='ltr'>llos</span> <span class='ocrx_word' id='word_1_310' title='bbox 1121 3027 1212 3076; x_wconf 80' lang='lat' dir='ltr'>desim</span> <span class='ocrx_word' id='word_1_311' title='bbox 1226 3028 1273 3078; x_wconf 79' lang='lat' dir='ltr'>Al·</span> 
     </span>
     <span class='ocr_line' id='line_1_35' title="bbox 129 3094 1272 3160; baseline -0.002 -14"><span class='ocrx_word' id='word_1_312' title='bbox 129 3113 130 3116; x_wconf 48' lang='lat'><em>*</em></span> <span class='ocrx_word' id='word_1_313' title='bbox 235 3094 444 3159; x_wconf 65' lang='lat' dir='ltr'>mittendumna,</span> <span class='ocrx_word' id='word_1_314' title='bbox 462 3095 494 3145; x_wconf 88' lang='lat' dir='ltr'>ob</span> <span class='ocrx_word' id='word_1_315' title='bbox 511 3096 549 3147; x_wconf 90' lang='lat' dir='ltr'>sie</span> <span class='ocrx_word' id='word_1_316' title='bbox 568 3097 616 3146; x_wconf 86' lang='lat' dir='ltr'>mit</span> <span class='ocrx_word' id='word_1_317' title='bbox 627 3096 653 3146; x_wconf 89' lang='lat' dir='ltr'>in</span> <span class='ocrx_word' id='word_1_318' title='bbox 667 3095 708 3146; x_wconf 91' lang='lat' dir='ltr'>die</span> <span class='ocrx_word' id='word_1_319' title='bbox 762 3094 1272 3160; x_wconf 78' lang='lat' dir='ltr'>tarthamsogeleierteBildderensdem</span> 
     </span>
     <span class='ocr_line' id='line_1_36' title="bbox 202 3158 1274 3228; baseline -0.003 -12"><span class='ocrx_word' id='word_1_320' title='bbox 202 3164 399 3228; x_wconf 73' lang='lat' dir='ltr'>Uutersnehnog</span> <span class='ocrx_word' id='word_1_321' title='bbox 410 3179 442 3214; x_wconf 85' lang='lat' dir='ltr'>an</span> <span class='ocrx_word' id='word_1_322' title='bbox 455 3165 543 3215; x_wconf 79' lang='lat' dir='ltr'>slehen</span> <span class='ocrx_word' id='word_1_323' title='bbox 557 3165 609 3227; x_wconf 78' lang='lat' dir='ltr'>sei3</span> <span class='ocrx_word' id='word_1_324' title='bbox 628 3166 706 3214; x_wconf 84' lang='lat' dir='ltr'>head.</span> <span class='ocrx_word' id='word_1_325' title='bbox 762 3165 849 3216; x_wconf 87' lang='lat' dir='ltr'>hleere</span> <span class='ocrx_word' id='word_1_326' title='bbox 862 3163 1056 3228; x_wconf 74' lang='lat' dir='ltr'>enlsteigenden</span> <span class='ocrx_word' id='word_1_327' title='bbox 1075 3158 1274 3228; x_wconf 73' lang='grc' dir='ltr'>(ἅναδυομένη)</span> 
     </span>
     <span class='ocr_line' id='line_1_37' title="bbox 201 3231 1273 3298; baseline -0.004 -14"><span class='ocrx_word' id='word_1_328' title='bbox 201 3234 210 3284; x_wconf 99' lang='lat' dir='ltr'>l</span> <span class='ocrx_word' id='word_1_329' title='bbox 233 3235 276 3297; x_wconf 91' lang='grc'>11,</span> <span class='ocrx_word' id='word_1_330' title='bbox 304 3233 337 3282; x_wconf 90' lang='grc'>39</span> <span class='ocrx_word' id='word_1_331' title='bbox 359 3232 389 3282; x_wconf 87' lang='lat' dir='ltr'>de</span> <span class='ocrx_word' id='word_1_332' title='bbox 406 3235 508 3284; x_wconf 66' lang='lat' dir='ltr'>naaria</span> <span class='ocrx_word' id='word_1_333' title='bbox 526 3236 563 3284; x_wconf 83' lang='lat' dir='ltr'>sic</span> <span class='ocrx_word' id='word_1_334' title='bbox 580 3235 711 3298; x_wconf 80' lang='lat' dir='ltr'>sentiebat,</span> <span class='ocrx_word' id='word_1_335' title='bbox 762 3233 856 3284; x_wconf 86' lang='lat' dir='ltr'>Vanus.</span> <span class='ocrx_word' id='word_1_336' title='bbox 870 3233 918 3282; x_wconf 82' lang='lat' dir='ltr'>liin</span> <span class='ocrx_word' id='word_1_337' title='bbox 933 3233 1039 3283; x_wconf 82' lang='lat' dir='ltr'>zwoitee</span> <span class='ocrx_word' id='word_1_338' title='bbox 1051 3232 1107 3282; x_wconf 85' lang='lat' dir='ltr'>llild</span> <span class='ocrx_word' id='word_1_339' title='bbox 1118 3232 1164 3280; x_wconf 85' lang='lat' dir='ltr'>der</span> <span class='ocrx_word' id='word_1_340' title='bbox 1176 3231 1273 3292; x_wconf 80' lang='lat' dir='ltr'>Vanus,</span> 
     </span>
     <span class='ocr_line' id='line_1_38' title="bbox 200 3299 1275 3368; baseline -0.005 -15"><span class='ocrx_word' id='word_1_341' title='bbox 200 3305 314 3366; x_wconf 82' lang='lat' dir='ltr'>primam</span> <span class='ocrx_word' id='word_1_342' title='bbox 338 3306 368 3352; x_wconf 85' lang='lat' dir='ltr'>ot</span> <span class='ocrx_word' id='word_1_343' title='bbox 384 3306 505 3368; x_wconf 72' lang='lat' dir='ltr'>quattuor</span> <span class='ocrx_word' id='word_1_344' title='bbox 521 3304 606 3352; x_wconf 84' lang='lat' dir='ltr'>initiis</span> <span class='ocrx_word' id='word_1_345' title='bbox 623 3315 711 3351; x_wconf 83' lang='lat' dir='ltr'>reram</span> <span class='ocrx_word' id='word_1_346' title='bbox 762 3302 807 3353; x_wconf 83' lang='lat' dir='ltr'>dae</span> <span class='ocrx_word' id='word_1_347' title='bbox 827 3303 885 3351; x_wconf 87' lang='lat' dir='ltr'>hier</span> <span class='ocrx_word' id='word_1_348' title='bbox 904 3301 1043 3366; x_wconf 68' lang='lat' dir='ltr'>gemeinte,</span> <span class='ocrx_word' id='word_1_349' title='bbox 1073 3299 1222 3350; x_wconf 86' lang='lat' dir='ltr'>vollendeta</span> <span class='ocrx_word' id='word_1_350' title='bbox 1244 3314 1275 3349; x_wconf 84' lang='lat' dir='ltr'>er</span> 
     </span>
     <span class='ocr_line' id='line_1_39' title="bbox 201 3365 1273 3436; baseline -0.003 -16"><span class='ocrx_word' id='word_1_351' title='bbox 201 3365 256 3422; x_wconf 84' lang='lat' dir='ltr'>iliis</span> <span class='ocrx_word' id='word_1_352' title='bbox 267 3373 380 3436; x_wconf 73' lang='lat' dir='ltr'>quintam</span> <span class='ocrx_word' id='word_1_353' title='bbox 397 3371 602 3433; x_wconf 76' lang='lat' dir='ltr'>honoraturum,</span> <span class='ocrx_word' id='word_1_354' title='bbox 615 3385 650 3419; x_wconf 76' lang='lat' dir='ltr'>aa</span> <span class='ocrx_word' id='word_1_355' title='bbox 661 3381 713 3434; x_wconf 82' lang='lat' dir='ltr'>qua</span> <span class='ocrx_word' id='word_1_356' title='bbox 762 3369 844 3432; x_wconf 79' lang='lat' dir='ltr'>nicht3</span> <span class='ocrx_word' id='word_1_357' title='bbox 862 3368 928 3420; x_wconf 80' lang='lat' dir='ltr'>Plio.</span> <span class='ocrx_word' id='word_1_358' title='bbox 942 3385 966 3419; x_wconf 87' lang='lat' dir='ltr'>n.</span> <span class='ocrx_word' id='word_1_359' title='bbox 984 3369 1044 3420; x_wconf 83' lang='lat' dir='ltr'>hiat.</span> <span class='ocrx_word' id='word_1_360' title='bbox 1058 3366 1162 3418; x_wconf 85' lang='lat' dir='ltr'><strong>XXXV</strong></span> <span class='ocrx_word' id='word_1_361' title='bbox 1178 3367 1219 3425; x_wconf 82' lang='lat'>10,</span> <span class='ocrx_word' id='word_1_362' title='bbox 1239 3365 1273 3419; x_wconf 83' lang='lat'>36</span> 
     </span>
     <span class='ocr_line' id='line_1_40' title="bbox 200 3433 1273 3504; baseline -0.004 -14"><span class='ocrx_word' id='word_1_363' title='bbox 200 3441 346 3504; x_wconf 78' lang='lat' dir='ltr'>superiores</span> <span class='ocrx_word' id='word_1_364' title='bbox 363 3454 453 3488; x_wconf 81' lang='lat' dir='ltr'>sensas</span> <span class='ocrx_word' id='word_1_365' title='bbox 470 3441 494 3487; x_wconf 86' lang='lat' dir='ltr'>et</span> <span class='ocrx_word' id='word_1_366' title='bbox 510 3441 619 3488; x_wconf 86' lang='lat' dir='ltr'>mentem</span> <span class='ocrx_word' id='word_1_367' title='bbox 641 3438 715 3504; x_wconf 77' lang='lat' dir='ltr'>affici</span> <span class='ocrx_word' id='word_1_368' title='bbox 763 3437 867 3504; x_wconf 81' lang='lat' dir='ltr'>Apelles</span> <span class='ocrx_word' id='word_1_369' title='bbox 877 3438 1042 3487; x_wconf 81' lang='lat' dir='ltr'>inchoaverat</span> <span class='ocrx_word' id='word_1_370' title='bbox 1053 3440 1076 3486; x_wconf 90' lang='lat' dir='ltr'>et</span> <span class='ocrx_word' id='word_1_371' title='bbox 1090 3433 1172 3486; x_wconf 82' lang='lat' dir='ltr'>aliam</span> <span class='ocrx_word' id='word_1_372' title='bbox 1187 3435 1217 3486; x_wconf 91' lang='lat' dir='ltr'><em>V</em></span> <span class='ocrx_word' id='word_1_373' title='bbox 1213 3451 1273 3486; x_wconf 66' lang='lat' dir='ltr'>enas⁴</span> 
     </span>
     <span class='ocr_line' id='line_1_41' title="bbox 201 3479 1275 3572; baseline -0.003 -15"><span class='ocrx_word' id='word_1_374' title='bbox 201 3507 331 3568; x_wconf 81' lang='lat' dir='ltr'>radantur,</span> <span class='ocrx_word' id='word_1_375' title='bbox 346 3505 546 3556; x_wconf 81' lang='lat' dir='ltr'>nonadhiteret.</span> <span class='ocrx_word' id='word_1_376' title='bbox 763 3521 819 3555; x_wconf 88' lang='lat' dir='ltr'>rem</span> <span class='ocrx_word' id='word_1_377' title='bbox 839 3505 885 3556; x_wconf 80' lang='lat' dir='ltr'>Coi</span> <span class='ocrx_word' id='word_1_378' title='bbox 910 3509 1081 3572; x_wconf 78' lang='lat' dir='ltr'>superaturus</span> <span class='ocrx_word' id='word_1_379' title='bbox 1099 3505 1182 3571; x_wconf 88' lang='lat' dir='ltr'>sama</span> <span class='ocrx_word' id='word_1_380' title='bbox 1197 3479 1275 3554; x_wconf 75' lang='lat' dir='ltr'>illam</span> 
     </span>
     <span class='ocr_line' id='line_1_42' title="bbox 237 3571 1273 3641; baseline -0.003 -17"><span class='ocrx_word' id='word_1_381' title='bbox 237 3575 326 3626; x_wconf 72' lang='lat'>121².</span> <span class='ocrx_word' id='word_1_382' title='bbox 347 3571 710 3641; x_wconf 79' lang='lat' dir='ltr'>Rutiliusllususwarcon-</span> <span class='ocrx_word' id='word_1_383' title='bbox 763 3589 838 3624; x_wconf 84' lang='lat' dir='ltr'>suam</span> <span class='ocrx_word' id='word_1_384' title='bbox 855 3576 978 3640; x_wconf 80' lang='lat' dir='ltr'>prierern.</span> <span class='ocrx_word' id='word_1_385' title='bbox 1014 3571 1110 3623; x_wconf 66' lang='lat' dir='ltr'>tendit</span> <span class='ocrx_word' id='word_1_386' title='bbox 1128 3585 1199 3622; x_wconf 77' lang='lat' dir='ltr'>mm</span> <span class='ocrx_word' id='word_1_387' title='bbox 1214 3586 1273 3640; x_wconf 82' lang='lat' dir='ltr'>por-</span> 
     </span>
     <span class='ocr_line' id='line_1_43' title="bbox 202 3639 1275 3710; baseline -0.005 -17"><span class='ocrx_word' id='word_1_388' title='bbox 202 3643 243 3693; x_wconf 87' lang='lat' dir='ltr'>sul</span> <span class='ocrx_word' id='word_1_389' title='bbox 261 3643 328 3694; x_wconf 79' lang='lat' dir='ltr'>imi.</span> <span class='ocrx_word' id='word_1_390' title='bbox 342 3643 393 3694; x_wconf 84' lang='grc'>649</span> <span class='ocrx_word' id='word_1_391' title='bbox 406 3643 484 3705; x_wconf 79' lang='grc'><strong>(105).</strong></span> <span class='ocrx_word' id='word_1_392' title='bbox 516 3643 605 3693; x_wconf 77' lang='lat' dir='ltr'>hlahr·</span> <span class='ocrx_word' id='word_1_393' title='bbox 623 3643 710 3707; x_wconf 74' lang='lat' dir='ltr'>epiter</span> <span class='ocrx_word' id='word_1_394' title='bbox 764 3645 822 3692; x_wconf 81' lang='lat' dir='ltr'>aeta</span> <span class='ocrx_word' id='word_1_395' title='bbox 831 3639 1275 3710; x_wconf 81' lang='lat' dir='ltr'>parta,neepuisaeeederetoperi</span> 
     </span>
     <span class='ocr_line' id='line_1_44' title="bbox 201 3708 1273 3778; baseline -0.002 -17"><span class='ocrx_word' id='word_1_396' title='bbox 201 3711 342 3775; x_wconf 73' lang='lat' dir='ltr'>begleitete</span> <span class='ocrx_word' id='word_1_397' title='bbox 354 3726 382 3761; x_wconf 90' lang='lat' dir='ltr'>er</span> <span class='ocrx_word' id='word_1_398' title='bbox 394 3712 440 3761; x_wconf 87' lang='lat' dir='ltr'>den</span> <span class='ocrx_word' id='word_1_399' title='bbox 454 3709 572 3761; x_wconf 76' lang='lat' dir='ltr'>Pontifex</span> <span class='ocrx_word' id='word_1_400' title='bbox 584 3711 710 3761; x_wconf 81' lang='lat' dir='ltr'>maximus</span> <span class='ocrx_word' id='word_1_401' title='bbox 764 3709 800 3760; x_wconf 88' lang='lat' dir='ltr'>ad</span> <span class='ocrx_word' id='word_1_402' title='bbox 807 3713 969 3778; x_wconf 79' lang='lat' dir='ltr'>praescripta</span> <span class='ocrx_word' id='word_1_403' title='bbox 985 3708 1140 3759; x_wconf 83' lang='lat' dir='ltr'>liniamenta</span> <span class='ocrx_word' id='word_1_404' title='bbox 1151 3710 1273 3759; x_wconf 83' lang='lat' dir='ltr'>incantas</span> 
     </span>
     <span class='ocr_line' id='line_1_45' title="bbox 204 3777 810 3843; baseline -0.002 -14"><span class='ocrx_word' id='word_1_405' title='bbox 204 3778 233 3843; x_wconf 79' lang='lat' dir='ltr'>Q.</span> <span class='ocrx_word' id='word_1_406' title='bbox 247 3779 347 3829; x_wconf 85' lang='lat' dir='ltr'>Mucius</span> <span class='ocrx_word' id='word_1_407' title='bbox 360 3779 483 3829; x_wconf 83' lang='lat' dir='ltr'>Scaevola</span> <span class='ocrx_word' id='word_1_408' title='bbox 502 3779 528 3828; x_wconf 90' lang='lat' dir='ltr'>in</span> <span class='ocrx_word' id='word_1_409' title='bbox 542 3779 584 3829; x_wconf 84' lang='lat' dir='ltr'>(lie</span> <span class='ocrx_word' id='word_1_410' title='bbox 599 3777 710 3828; x_wconf 82' lang='lat' dir='ltr'>Provinz</span> <span class='ocrx_word' id='word_1_411' title='bbox 764 3782 810 3828; x_wconf 80' lang='lat' dir='ltr'>eet.</span> 
     </span>
     <span class='ocr_line' id='line_1_46' title="bbox 203 3841 1272 3913; baseline -0.004 -16"><span class='ocrx_word' id='word_1_412' title='bbox 203 3846 291 3897; x_wconf 72' lang='lat' dir='ltr'>Anien.</span> <span class='ocrx_word' id='word_1_413' title='bbox 318 3846 352 3896; x_wconf 84' lang='lat' dir='ltr'>ns</span> <span class='ocrx_word' id='word_1_414' title='bbox 365 3862 395 3897; x_wconf 83' lang='lat' dir='ltr'>ar</span> <span class='ocrx_word' id='word_1_415' title='bbox 407 3846 463 3896; x_wconf 85' lang='lat' dir='ltr'>hier</span> <span class='ocrx_word' id='word_1_416' title='bbox 475 3847 518 3896; x_wconf 87' lang='lat' dir='ltr'>die</span> <span class='ocrx_word' id='word_1_417' title='bbox 530 3846 710 3896; x_wconf 82' lang='lat' dir='ltr'>Provincialen</span> <span class='ocrx_word' id='word_1_418' title='bbox 801 3848 940 3898; x_wconf 68' lang='lat' dir='ltr'>theinna</span> <span class='ocrx_word' id='word_1_419' title='bbox 969 3841 1272 3913; x_wconf 68' lang='lat' dir='ltr'>assarnautewone</span> 
     </span>
     <span class='ocr_line' id='line_1_47' title="bbox 202 3909 1272 3978; baseline -0.004 -14"><span class='ocrx_word' id='word_1_420' title='bbox 202 3929 283 3978; x_wconf 67' lang='lat' dir='ltr'>gesen</span> <span class='ocrx_word' id='word_1_421' title='bbox 296 3915 338 3966; x_wconf 87' lang='lat' dir='ltr'>die</span> <span class='ocrx_word' id='word_1_422' title='bbox 350 3913 547 3977; x_wconf 75' lang='lat' dir='ltr'>Bedriiehnngee</span> <span class='ocrx_word' id='word_1_423' title='bbox 566 3916 611 3964; x_wconf 88' lang='lat' dir='ltr'>der</span> <span class='ocrx_word' id='word_1_424' title='bbox 624 3913 711 3965; x_wconf 88' lang='lat' dir='ltr'>Publi·</span> <span class='ocrx_word' id='word_1_425' title='bbox 765 3917 852 3966; x_wconf 82' lang='lat' dir='ltr'>stliren</span> <span class='ocrx_word' id='word_1_426' title='bbox 873 3915 919 3966; x_wconf 85' lang='lat' dir='ltr'>das</span> <span class='ocrx_word' id='word_1_427' title='bbox 959 3913 1142 3976; x_wconf 73' lang='lat' dir='ltr'>leichgewiclrt</span> <span class='ocrx_word' id='word_1_428' title='bbox 1161 3913 1207 3962; x_wconf 85' lang='lat' dir='ltr'>des</span> <span class='ocrx_word' id='word_1_429' title='bbox 1220 3909 1272 3961; x_wconf 84' lang='lat' dir='ltr'>Ga·</span> 
     </span>
    </p>
   </div>
   <div class='ocr_carea' id='block_1_4' title="bbox 0 0 1411 4506">
    <p class='ocr_par' dir='ltr' id='par_1_6' title="bbox 0 0 1411 4506">
     <span class='ocr_line' id='line_1_48' title="bbox 0 0 1411 4506; baseline 0 0"><span class='ocrx_word' id='word_1_430' title='bbox 0 0 1411 4506; x_wconf 95' lang='lat' dir='ltr'> </span> 
     </span>
    </p>
   </div>
  </div>
 </body>
</html>
