2768 4498
165 209 226 270 102
476 205 519 256 llll
533 201 774 254 cretensem.
803 200 931 253 curbo.
961 233 963 238 .

158 362 295 430 honesta,
312 379 377 421 eam
393 355 493 439 posuit
508 357 540 419 in
555 365 707 437 promptu,
734 375 810 437 quae
822 363 920 435 partes
943 363 1043 416 autem
1060 355 1196 434 corporis
1211 356 1251 418 ad

141 439 283 508 'naturae
300 445 506 506 necessitatem
524 444 608 504 datae
624 449 776 521 aspectum
794 447 897 502 essent
912 440 1078 500 deformem
1093 439 1251 502 habiturae

92 544 140 594 127
160 539 250 610 atque
266 530 397 598 foedum,
413 547 462 590 eas
486 528 616 590 contexit
637 536 727 606 atque
738 525 861 588 abdidit.
885 525 968 586 lianc
983 534 1107 586 naturae
1122 533 1184 586 tam
1201 527 1251 586 di·

161 617 303 695 ligentem
320 613 462 676 lubricam
478 613 592 673 imitata
608 620 653 672 est
668 611 824 672 bominum
839 610 1028 673 verecundia.
1065 611 1148 682 Quae
1164 611 1250 672 enirn
1268 623 1286 670 5

162 708 267 762 natura
283 697 447 769 occultavit,
464 697 568 758 eadem
584 715 700 768 omnes,
717 695 769 776 qui
785 713 856 757 sana
872 704 974 756 mente
989 701 1071 764 sunt,
1087 703 1250 756 removent

162 785 199 846 ab
215 784 316 858 oculis,
332 782 446 862 ipsique
461 781 627 844 necessitati
654 782 726 842 dant
741 798 862 860 operam
889 788 1027 860 utquam
1048 781 1253 841 occultissime

162 878 301 949 pareant:
329 886 516 948 quarumque
532 867 661 946 partium
677 865 809 944 corporis
825 883 897 928 usus
913 873 984 926 sunt
999 865 1173 934 necessarii,
1199 883 1252 926 eas

162 973 261 1034 neque
276 960 375 1033 partes
391 971 489 1032 neque
505 971 606 1014 earum
622 969 695 1012 usus
708 951 769 1011 suis
785 949 959 1012 nominibus
975 951 1134 1030 appellant,
1151 951 1253 1029 quod-

163 1059 221 1118 que
236 1040 331 1101 facere
347 1046 433 1116 turpe
450 1056 509 1097 non
527 1046 581 1105 est,
598 1036 688 1096 modo
704 1035 827 1108 occulte,
850 1035 881 1095 id
897 1035 996 1097 dicere
1011 1035 1177 1096 obscenum
1195 1044 1252 1096 est.

163 1125 266 1203 ltaque
280 1143 337 1184 nec
352 1125 426 1184 actio
441 1140 542 1184 rerum
566 1121 683 1183 illarum
709 1128 809 1199 aperta
835 1120 998 1199 petulantia
1013 1127 1096 1182 vacet
1112 1138 1168 1181 nec
1184 1139 1256 1181 ora·
1276 1133 1312 1182 to

96 1213 145 1267 128
164 1208 255 1271 tionis
271 1206 450 1269 obscenitas.
484 1207 544 1267 Nec
573 1225 642 1268 vero
665 1205 803 1267 audiendi
818 1212 890 1265 sunt
905 1205 1005 1282 Cynici
1021 1214 1072 1266 aut
1087 1205 1113 1264 si
1129 1205 1182 1284 qui
1198 1205 1252 1266 lu-

163 1303 252 1354 erunt
278 1293 370 1354 Stoici
391 1309 485 1371 poene
508 1291 615 1370 Cynici,
643 1291 693 1370 qui
716 1290 942 1369 reprehendunt
957 1299 988 1350 et
1002 1289 1144 1360 inrident,
1168 1291 1253 1369 quod

163 1397 206 1452 ee,
223 1397 298 1458 quae
313 1377 411 1456 turpia
427 1393 489 1436 non
505 1375 574 1446 sint,
600 1375 697 1436 verbis
718 1375 859 1454 flagitiosa
885 1374 1039 1448 ducamus,
1065 1375 1112 1436 illa
1136 1384 1253 1447 autem,

163 1482 238 1542 quae
254 1463 350 1541 turpia
366 1463 434 1529 sint,
451 1460 623 1521 numinibus
639 1460 821 1539 appellemus
842 1460 916 1521 suis.
948 1459 1142 1530 Latrocinari,
1165 1461 1253 1521 bau-

162 1549 243 1620 dare,
258 1547 424 1607 adulterare
439 1563 473 1606 re
494 1556 582 1624 turpe
606 1553 660 1617 est,
684 1544 736 1605 sed
763 1545 872 1606 dicitur
893 1563 954 1607 non
974 1545 1120 1606 obscene:
1148 1545 1253 1606 liberis
1275 1551 1309 1605 15

163 1634 233 1693 dare
250 1649 370 1710 operam
393 1650 426 1691 re
441 1632 601 1692 honestum
618 1639 670 1701 est,
701 1629 825 1691 nomine
846 1629 1020 1703 obscenum,
1046 1631 1191 1709 pluraque
1218 1631 1254 1692 in

163 1735 226 1777 eam
250 1717 428 1778 sententiam
459 1716 494 1776 ab
529 1715 639 1777 eisdem
675 1723 778 1775 contra
811 1715 1019 1776 verecundiam
1047 1716 1253 1793 disputantur.

163 1801 222 1862 Nos
238 1810 337 1863 autem
365 1809 503 1863 naturam
530 1819 693 1880 sequamur
718 1807 748 1860 et
773 1799 809 1861 ab
830 1799 922 1872 omni,
949 1800 1027 1879 quod
1054 1798 1198 1862 abhorret
1212 1800 1253 1860 ab

163 1887 316 1947 oculorum
340 1887 517 1965 auriumque
533 1885 756 1965 approbatione,
779 1886 937 1964 fugiamus.
976 1884 1078 1946 Status
1105 1885 1254 1957 incessus

161 1971 257 2033 sessio
273 1972 427 2042 accubitio,
444 1973 542 2032 vultus
559 1970 646 2038 oculi,
662 1988 806 2031 manuum
822 1977 923 2032 motus
932 1975 1057 2030 teneant
1072 1970 1145 2030 illud
1162 1971 1255 2032 dcco·
1275 1986 1311 2037 ιο

164 2173 229 2224 Hier
242 2173 321 2223 denlrt
333 2173 385 2222 Cic.
399 2172 440 2222 bei
458 2172 674 2237 sormonament-
728 2173 781 2233 ert,
802 2172 886 2235 itaque
903 2173 975 2220 coeat
991 2185 1023 2219 ue
1040 2172 1121 2222 oratio
1139 2167 1242 2234 quidam

165 2241 258 2290 liuban
270 2241 315 2290 dus
328 2239 471 2303 bullita,
484 2240 562 2290 deber
574 2237 674 2303 reliqua
728 2239 887 2288 obscenitate.

164 2306 287 2374 figura§
314 2308 361 2360 130
379 2309 487 2374 formae
507 2307 674 2374 drgntlaeco-
762 2307 788 2356 ei
803 2305 973 2371 quisperant
992 2304 1072 2356 Stoice·
1091 2319 1174 2372 parrae
1193 2305 1243 2372 clp-

165 2375 227 2426 lorr's
239 2377 351 2426 landate
363 2376 464 2427 tuenda.
728 2375 787 2424 aiei.
833 2374 879 2423 llic
904 2373 1014 2424 Rubbeit
1043 2374 1087 2424 des
1111 2373 1242 2425 Cvnikare

198 2445 223 2494 6.
246 2444 402 2496 adoraturae
417 2446 600 2507 necessitatem,
617 2443 673 2492 blos

164 2510 206 2562 liir
224 2511 268 2562 das
284 2513 427 2563 natiirlicbe
445 2511 606 2574 Bediirlniss‚
624 2511 673 2560 wie

165 2587 242 2630 unten
256 2597 319 2630 urm
330 2584 393 2631 runt
403 2583 549 2630 necessarii.

198 2650 223 2698 e.
252 2651 359 2698 imitata
380 2653 428 2710 est,
449 2649 485 2698 ist
510 2648 551 2697 ihr
567 2644 674 2710 gelolgt,

164 2717 208 2766 bat
220 2715 274 2766 oieb
286 2733 337 2767 von
349 2717 390 2765 ibr
402 2715 481 2766 laiteu
491 2716 585 2766 lassen.
598 2727 671 2764 oere-

163 2783 264 2847 cundia,
287 2782 349 2848 oldq
374 2777 467 2846 cotirq.
500 2783 547 2832 bie
569 2782 674 2833 Stoikcr

163 2851 246 2916 (Stob.
266 2867 288 2917 p.
310 2852 367 2912 lbb)
385 2850 507 2902 deliniren
526 2843 675 2915 uldqpeori-

164 2935 196 2984 νη
209 2919 332 2984 cinseitig
349 2920 389 2969 als
408 2912 505 2979 ἐπιστή
530 2937 545 2982 η
564 2915 674 2982 εὐλαβη-

162 2983 222 3052 cuxei
235 2982 327 3056 ὀρθοῦ
339 2980 437 3067 ψόγου.
457 2986 497 3037 bu
520 2987 591 3038 dieue
603 2986 673 3036 Seite

163 3058 210 3107 der
231 3053 459 3118 Subambultrgleit
476 3057 537 3119 gebt
555 3055 608 3105 Cic.
626 3068 672 3117 ger

163 3123 235 3174 nicbt
247 3123 296 3173 ein.
316 3123 352 3172 Er
365 3123 464 3173 scbeint
476 3123 531 3173 also
540 3125 605 3173 anob
616 3123 673 3173 bier

164 3205 212 3242 nur
232 3189 272 3241 die
291 3191 459 3256 Eintbeilung
477 3207 526 3242 von
540 3192 588 3242 den
601 3190 672 3242 Stoi-

164 3260 226 3309 lrern
237 3267 394 3310 entuomnren
407 3275 438 3309 zu
447 3259 537 3321 baben,
550 3260 671 3310 wtibrend

163 3327 203 3378 dia
223 3324 390 3392 busi‘dbrung
406 3327 478 3378 scine
497 3328 604 3392 eigeueu
622 3325 672 3378 Ge·

164 3397 262 3446 danlen
276 3396 385 3446 antba'lt.

200 3465 237 3515 11.
254 3465 435 3515 accuratioris
444 3464 584 3513 edocendae
596 3461 673 3512 ndml.

160 3533 309 3598 petulantia
332 3535 416 3583 emat:
440 3534 505 3582 orat.
524 3531 587 3580 obse.
616 3535 673 3581 ent-

163 3599 674 3719 stridittlttttultcl:

164 3736 246 3786 bietet
256 3737 302 3785 der
312 3736 372 3787 Sinn
383 3737 432 3786 und
441 3735 488 3806 5¹¹⁰
499 3735 586 3786 besten
596 3735 671 3784 lidos.

163 3804 216 3854 Cio.
232 3801 320 3852 wiirdo
339 3804 403 3854 dana
422 3803 537 3853 zweimal
554 3801 672 3854 dusselbe

161 3879 252 3936 μειβ
270 3872 364 3921 baben:
388 3870 417 3920 td
437 3869 521 3921 dicere
537 3871 671 3920 obscenum

729 2441 1026 2506 Diogenosistbelmnut.
1040 2441 1097 2492 Von
1108 2426 1155 2491 der
1166 2443 1242 2508 cyni-

728 2511 804 2560 seban
818 2509 901 2559 Lebra
914 2511 1065 2574 ausgebend,
1085 2510 1157 2560 batte
1168 2525 1241 2560 zwer

729 2579 807 2628 sebon
819 2577 889 2628 Zeno
900 2578 971 2628 diese
981 2578 1148 2642 Veroobtung
1158 2593 1240 2643 gegen

728 2647 775 2696 dan
789 2647 911 2696 iussereu
923 2646 1037 2696 Ansmnd
1049 2661 1089 2695 um
1100 2645 1185 2696 violes
1195 2661 1242 2710 ge-

728 2714 839 2764 mildert.
859 2713 944 2777 (Diog.
964 2713 1049 2764 Lacrt.
1068 2711 1142 2763 Vlla
1162 2707 1241 2776 urol-

727 2797 790 2848 μων
808 2777 846 2838 ὠς
865 2776 936 2850 πρὸς
953 2777 1002 2842 τὴν
1020 2775 1144 2846 Κυνικὴν
1161 2779 1241 2832 ἀναι-

729 2852 879 2915 σχυντίαν).
892 2850 956 2899 decb
969 2851 1043 2900 stund
1053 2863 1083 2900 er
1093 2851 1177 2900 solbet
1189 2851 1240 2899 und

727 2918 799 2968 seiae
818 2916 925 2968 Scbiilcr
943 2919 999 2968 dem
1012 2917 1148 2985 Cynismus
1169 2920 1241 2967 mebi·

729 2985 791 3036 oder
807 2986 924 3049 weniger
943 2986 1015 3036 nabe.
1042 2986 1069 3034 S.
1081 2985 1151 3035 Einl.
1164 2985 1181 3050 §
1195 2987 1240 3047 ll3

729 3055 760 3104 de
773 3055 814 3103 lin.
831 3051 864 3104 lll
882 3055 923 3117 ²0,
941 3053 973 3104 68
995 3054 1146 3119 (pomorum
1160 3057 1241 3104 ratic-

728 3137 787 3171 nem
799 3125 873 3186 atque
884 3123 964 3171 eitam
975 3121 1023 3171 olii
1033 3120 1136 3184 (Statu)
1150 3119 1242 3171 cadere

727 3192 755 3239 io
763 3192 906 3257 neptitatem
914 3189 1009 3270 dieunt,
1017 3190 1066 3240 otii
1073 3186 1144 3239 nullo
1155 3188 1239 3272 modo.

727 3257 1241 3443 {aaut:petorrita-...u

727 3391 1060 3544 {trrllruupll
1073 3394 1241 3526 buu

727 3527 778 3580 τὸν
789 3525 925 3610 κυξισμόν
937 3542 1076 3598 uocropoo
1086 3526 1161 3594 πρὸς
1195 3543 1239 3599 ρε-

727 3594 777 3662 rto
790 3592 863 3649 ὁδον.

763 3665 802 3714 13.
833 3666 927 3716 verbius
946 3665 1063 3728 verbum,
1086 3666 1130 3715 des
1150 3663 1238 3728 Wort,

728 3745 826 3794 mmor,
845 3733 887 3783 dio
899 3734 1066 3797 Βιιιοιιιιιιιις,
1085 3733 1190 3783 werden
1203 3733 1237 3782 im

729 3799 874 3866 Geqensatz
891 3815 923 3850 ru
941 3817 984 3852 res
995 3799 1047 3852 last
1058 3801 1238 3865 glutonbeueu-

728 3871 788 3920 tend
800 3869 947 3932 gebrauebt.

1380 3461 1382 3488 l

1381 3567 1382 3596 l

1381 3667 1382 3696 l

1291 4209 1313 4240 l
