2768 4498
374 229 417 282 DE
430 227 567 280 curtulis
580 229 638 281 Llll.
654 228 671 281 l.
698 230 771 283 CAP.
785 231 826 285 29.
840 231 879 282 311.
1121 233 1162 296 89

89 373 355 468 ἀποφθέγματα.
371 383 478 445 Facilis
490 383 580 463 igitur
595 394 639 447 est
655 385 806 446 distinctio
822 385 941 464 ingenui
958 396 988 448 et
1002 387 1162 449 inliberalis

89 470 157 532 ioci.
195 469 278 532 Alter
300 477 362 539 est,
384 469 409 530 si
430 471 460 529 in
481 477 616 549 tempore
635 471 683 541 ot,
705 479 738 531 ut
753 470 778 531 si
793 472 919 532 remisso
936 472 1044 542 animo,
1060 491 1163 552 mepta

88 555 213 616 homine
229 555 346 634 dignus,
362 555 487 616 alterne
501 555 595 616 libero
611 556 741 636 quidem,
756 556 782 616 si
796 575 896 618 rerum
912 557 1091 636 turpitudini
1106 559 1161 619 ad-

87 639 212 702 hibetur
227 639 383 701 verborum
400 639 576 701 obscenitas.
598 641 733 702 Ludendi
749 641 839 703 etiam
854 651 899 703 est
919 643 1038 722 quidam
1056 644 1163 704 modus

53 734 68 782 5
87 726 274 796 retinendus,
291 734 324 786 ut
340 744 378 786 ne
392 724 482 786 nimis
491 725 589 786 omnia
601 727 819 805 profundamus
834 727 961 806 elatique
972 729 1121 807 voluptate
1131 729 1165 789 in

90 810 223 890 aliquam
239 810 456 890 turpitudinem
472 811 652 873 delabamur.
670 812 868 891 Suppeditant
882 821 980 872 autem
998 822 1027 874 et
1042 832 1163 894 campus

90 906 196 958 noster
211 905 241 956 et
256 896 353 957 studia
371 896 497 956 venandi
512 897 638 957 honesta
654 897 787 976 exempla
802 897 933 959 ludendi.

178 981 236 1042 Sed
253 983 382 1060 pertinet
393 983 428 1050 ad
441 999 561 1042 omnem
569 982 868 1062 officiiquaestionem
881 1002 998 1062 semper
1004 983 1035 1044 in
1042 1003 1165 1063 promp·
1180 991 1221 1044 30

90 1075 123 1128 tu
138 1066 256 1136 babere,
273 1075 417 1146 quantum
435 1075 538 1128 natura
555 1067 684 1128 hominis
700 1067 863 1146 pecudibus
876 1068 1056 1148 reliquisque
1071 1069 1165 1130 beluis
1188 1069 1236 1119 105

41 1161 71 1211 10
90 1153 254 1214 antecedat.
278 1152 348 1213 lllae
363 1153 435 1214 nibil
451 1153 586 1214 sentiunt
602 1153 658 1214 nisi
675 1153 855 1232 voluptatem
871 1154 906 1214 ed
923 1171 1047 1232 eamque
1061 1155 1166 1215 ferun-

89 1248 140 1298 tur
155 1237 241 1299 omni
255 1238 378 1317 impetu,
395 1237 525 1298 hominis
546 1246 644 1299 autem
667 1256 752 1299 mens
775 1239 915 1299 discendo
932 1240 1020 1300 alitur
1040 1248 1069 1300 et
1085 1239 1166 1317 cogi-

89 1324 190 1395 tando,
206 1342 327 1403 semper
341 1323 450 1403 aliquid
466 1324 715 1402 autenquiritaut
730 1323 971 1404 agitvidendique
987 1333 1016 1385 et
1028 1325 1166 1385 audiendi

92 1409 287 1470 delectatione
302 1409 430 1470 ducitur.
454 1409 638 1482 Quinetiam,
653 1411 678 1470 si
694 1409 760 1490 quis
777 1420 821 1471 est
837 1412 934 1490 paullo
950 1410 985 1470 ad
1003 1410 1166 1489 voluptates

91 1494 280 1572 propensior,
304 1494 392 1555 modo
409 1512 447 1555 ne
463 1495 503 1555 sit
518 1513 553 1555 ex
568 1496 715 1574 pecudum
732 1513 841 1573 genere
856 1531 898 1539 -—
914 1503 985 1556 suut
1000 1496 1081 1556 enim
1098 1496 1166 1574 qui-

44 1589 74 1638 15
93 1580 160 1639 dam
176 1580 316 1639 homines
332 1597 450 1651 nonus,
466 1581 516 1640 sed
533 1581 717 1651 nomine-‚
733 1581 784 1640 sed
801 1582 824 1641 si
840 1581 906 1660 quis
923 1591 968 1642 est
979 1582 1166 1661 paulloerec-

92 1664 159 1735 tior‚
176 1665 313 1743 quamvis
320 1666 469 1743 voluptate
484 1665 761 1744 capiatur‚oecultat
773 1674 802 1726 et
817 1666 986 1727 dissimulat
1001 1667 1164 1745 appetitum

129 1858 151 1908 1.
193 1851 412 1924 ἀποφθέγματα.
455 1859 531 1908 Diese
560 1857 604 1906 be·
657 1859 782 1924 turpiter,
801 1856 823 1904 d.
838 1855 852 1904 i.
867 1858 923 1905 riae
934 1858 1067 1906 verborum
1080 1857 1166 1905 51555-

92 1928 209 1988 standen,
230 1926 281 1974 wie
299 1941 345 1976 aus
362 1927 392 1975 de
409 1942 446 1976 cr.
463 1925 481 1976 ll
494 1929 535 1989 tt,
553 1925 600 1976 211
657 1922 1165 1990 55151511).512415155515151155555-

91 1994 603 2058 bervurgebt‚incinerSurnrnlnngschla-
654 1995 812 2057 genuitatem
831 1996 856 2041 51
879 1994 998 2042 ruborem
1021 2007 1169 2040 55555551-

91 2065 188 2128 gonder
200 2063 252 2111 und
265 2063 383 2126 witziger
393 2064 542 2132 Ansdriiclre
552 2078 604 2112 von
657 2063 746 2110 torum
759 2060 917 2127 turpitudine
935 2064 959 2110 51
977 2075 1066 2110 rerum
1084 2060 1168 2109 obsec-

92 2134 227 2183 Friiberen
245 2132 295 2180 und
316 2130 508 2192 Zeitgenossen.
538 2132 603 2181 Dass
658 2132 739 2178 adote
751 2128 864 2178 55155515.

92 2203 154 2252 Cato
165 2201 240 2250 scine
250 2199 357 2262 eigeneu
369 2199 456 2250 Witzc
466 2201 539 2249 darin
550 2197 605 2248 auf·
694 2198 718 2246 5.
742 2202 770 2247 ut
781 2213 813 2246 ue
827 2199 906 2246 rtirreia
922 2199 1008 2246 ontrtiit
1023 2195 1171 2263 prtffuuda·

92 2269 321 2334 genommenbabe,
334 2268 606 2332 istdocbnichtglaub-
659 2281 727 2324 mus,
747 2267 806 2314 dass
823 2265 873 2313 wir
893 2265 964 2315 nicbt
975 2265 1048 2315 Alles
1062 2267 1169 2315 urasslos

94 2339 153 2388 liuh.
659 2333 820 2396 preisgebeu,
832 2334 888 2382 olso
902 2349 924 2382 z.
938 2335 963 2381 B.
976 2349 1052 2382 unsre
1064 2338 1171 2397 persin-

126 2408 150 2457 2.
176 2408 204 2454 iu
223 2409 338 2471 tempore
348 2427 365 2446 =
376 2407 484 2470 temperi
496 2404 526 2454 lll
537 2403 553 2468 ξ
563 2404 605 2464 58,
659 2401 727 2451 liche
735 2400 832 2451 Wiirde
841 2401 1015 2463 nndStellung
1025 2416 1171 2464 vormersen,

93 2473 257 2534 rechtzeitig.
294 2474 363 2522 Dazn
387 2475 458 2536 gicbt
479 2474 524 2522 dus
547 2471 606 2520 ilel-

93 2546 174 2606 gendo
192 2539 232 2592 ‘ut
241 2544 266 2590 ai
275 2557 297 2591 r.
307 2557 345 2602 5.,
361 2558 382 2590 z.
395 2544 419 2591 ll.
432 2556 504 2589 wenc
517 2557 548 2589 zu
560 2541 607 2590 der

94 2612 160 2669 Zeit,
171 2628 213 2661 wo
224 2612 270 2659 der
282 2607 357 2659 Geist
369 2609 423 2659 sielr
436 2608 537 2672 erdoti,
549 2608 607 2658 eine

95 2679 279 2740 Erliiuterung.
316 2693 412 2742 magno
431 2678 495 2727 lchlt
513 2677 539 2726 in
558 2678 606 2726 den

95 2749 201 2798 lldschr·.
231 2747 302 2794 Aber
324 2747 433 2796 obschon
448 2747 548 2795 bomine
566 2744 607 2794 di-

92 2833 161 2881 gnus
176 2817 232 2866 sich
245 2815 271 2862 in
285 2814 340 2864 dem
352 2809 494 2863 Sinue‘der
508 2813 607 2864 Wiirdo

96 2887 140 2934 des
153 2884 292 2934 lllenscben
305 2884 487 2946 ongemessen'‚
504 2881 554 2930 wie
567 2880 607 2930 di-

94 2950 471 3018 gnuetomtmepraesranttap
481 2949 608 3011 lllb,wohl

96 3037 173 3084 sagea
187 3021 264 3084 15551,
276 3037 305 3069 so
320 3020 419 3070 sordert
429 3020 493 3068 doch
503 3018 547 3068 der
557 3016 608 3067 Ge-

660 2485 751 2518 wovor
768 2469 818 2517 wir
837 2484 884 2518 uns
901 2469 964 2516 uueb
978 2469 1018 2518 bei
1035 2468 1168 2518 erlaubten

660 2537 822 2600 Vergniigen,
842 2537 889 2585 wie
903 2536 943 2585 die
956 2535 1089 2598 folgenden
1104 2537 1168 2600 sind,

661 2608 737 2655 hiiten
752 2605 859 2654 nriisscn.
880 2603 905 2653 ln
914 2606 962 2653 den
973 2603 1081 2654 Worten
1092 2607 1171 2654 uirbis·

661 2689 728 2724 orna.
741 2672 866 2740 prospmd.
880 2674 944 2736 liegt
956 2673 1012 2722 elue
1030 2673 1170 2738 pleonasti-

662 2744 721 2793 sebe
734 2741 891 2804 Steigcrung
901 2743 946 2792 des
957 2740 1071 2804 licgrilis.

698 2812 737 2861 10.
761 2811 824 2860 11155
834 2811 900 2860 nibil
910 2813 1036 2860 sentiunt:
1049 2810 1112 2860 iiber
1124 2812 1171 2860 den

663 2878 801 2929 Gedanken
814 2880 866 2941 vgl.
881 2881 905 2940 t,
921 2881 958 2929 11.

689 2949 834 3014 seruntur:
846 2948 917 3010 ferri
927 2947 1076 2997 bezeichoet
1085 2947 1173 2996 irnmer

662 3018 727 3066 obne
755 3016 1012 3065 Selbstbewusstseio
1039 3015 1172 3077 getrieben
1236 3023 1240 3042 ¹

95 3097 203 3151 gensatz
219 3105 252 3137 no
271 3088 350 3139 libero
364 3087 478 3152 quiderm,
498 3088 556 3135 dass
576 3101 608 3134 zu
663 3085 774 3147 werden,
787 3084 821 3133 im
835 3083 978 3146 Gegcnsatz
991 3101 1023 3133 zn
1039 3083 1101 3134 duci
1116 3084 1172 3133 sich

94 3157 261 3208 1555155515
288 3158 405 3222 Adjectiv
433 3157 482 3204 wie
505 3153 608 3220 amplus
662 3151 1171 3214 leitenlassen3vgl.§118dedueimur—

96 3227 159 3276 oder
181 3241 298 3290 magmis
321 3223 490 3288 hinzugeliigt
512 3221 607 3272 werde.
654 3217 1171 3287 [5555155514555515551-515515511555

96 3294 219 3344 Derselbe
231 3292 375 3357 Gegensatz
386 3296 416 3342 de
425 3309 463 3342 or.
474 3292 494 3341 ll
505 3295 547 3352 62,
558 3291 606 3338 252
700 3290 737 3339 13.
761 3287 807 3336 sed
818 3290 843 3336 st
849 3290 908 3352 quie
916 3287 1047 3355 estpaullo
1056 3291 1171 3338 erectior.

96 3394 118 3401 -
130 3364 208 3413 aliter
226 3367 297 3412 caim
313 3365 420 3412 minime
436 3365 474 3410 eat
492 3357 606 3418 15155515·
662 3355 710 3406 Mit
722 3354 767 3404 sed
783 3357 850 3405 wird
862 3355 903 3404 die
916 3355 1071 3406 Parentbese
1085 3364 1173 3404 unter-

97 3434 213 3494 terium,
231 3433 286 3480 oris
297 3430 450 3497 dtpruoaiab,
464 3445 515 3478 nort
527 3428 609 3492 dt'g’ua
663 3426 774 3474 broelrau
793 3424 847 3472 und
868 3439 925 3472 zum
947 3423 1104 3487 Hauptsatze
1126 3439 1172 3471 zu-

97 3501 191 3550 55115
208 3499 244 3561 (d.
258 3500 276 3548 i.
290 3499 454 3561 oratoribus),
475 3501 606 3562 quartum,
663 3492 849 3553 rliclgekebrt,
871 3493 963 3540 dessen
981 3491 1100 3542 Gedanle
1125 3491 1173 3542 mit

97 3570 251 3628 obscenitas,
278 3582 339 3617 uon·
351 3567 437 3617 coium
459 3582 507 3615 uon
525 3565 608 3630 foro
663 3563 710 3611 der
726 3560 937 3623 llinschr'tinkung
954 3561 1028 3610 inodo
1043 3577 1076 3609 ne
1091 3561 1127 3608 aii
1139 3576 1174 3608 em

97 3635 290 3700 degataredvioe
299 3639 409 3685 conuiuio
420 3635 608 3684 liberorum.
660 3645 713 3696 pec.
723 3644 820 3694 gauere
833 3629 912 3678 durch
924 3629 948 3677 ai
958 3632 1015 3694 quia
1026 3647 1047 3678 e.
1060 3631 1175 3691 erectior,

131 3705 155 3753 3.
177 3719 269 3755 rerum
282 3703 442 3771 turpitudini
452 3710 514 3751 cet:
529 3701 560 3750 de
571 3715 607 3748 or.
663 3698 687 3746 d.
701 3698 719 3746 i.
740 3699 804 3746 nach
822 3697 944 3746 llbhcrcrn
962 3697 1097 3759 strebend,
1113 3698 1176 3746 wie-

98 3771 118 3821 ll
137 3774 179 3835 58,
197 3773 248 3822 236
265 3775 327 3822 15555
348 3775 419 3822 enirn
437 3770 553 3820 rideatur
572 3767 611 3817 551
664 3765 766 3816 derbolt
779 3765 853 3815 wird.
868 3764 926 3826 Vgl.
941 3764 1000 3829 lll§
1017 3765 1173 3831 11111ξ13.

98 3839 151 3889 5515
163 3840 203 3890 551
215 3844 340 3900 mauirno,
354 3855 418 3904 quae
427 3841 515 3888 uolunt
533 3841 555 3886 51
567 3834 609 3884 de·
664 3835 766 3884 Ebenso
784 3834 841 3882 sind
858 3832 896 3883 ost
916 3839 945 3884 51
961 3836 1011 3883 und
1028 3837 1113 3899 igitur
1130 3849 1175 3896 ge-

98 3910 204 3973 rigaani
221 3908 406 3976 turpitudinem
426 3907 539 3972 aliquam
560 3918 609 3952 non
666 3900 811 3966 braucht,§
827 3901 990 3968 titzerm
1006 3904 1061 3952 134.
