2768 4498
397 177 442 228 llll
454 119 662 230 orrrcns'tln.
675 176 692 229 l.
720 178 792 230 CAP.
806 180 847 231 35.
860 180 901 232 36.
1133 186 1193 248 103

105 350 184 394 rum.
209 332 328 406 Quibus
343 332 375 392 in
389 331 483 392 rebus
498 331 557 393 duo
578 333 706 394 maxime
721 341 793 394 sunt
808 333 957 414 fugienda,
978 355 1017 398 ne
1033 336 1105 416 quid
1122 337 1195 400 effe·
1215 343 1263 395 tta

104 417 256 480 minatum
272 425 327 479 aut
342 417 431 478 molle
446 426 477 478 et
491 436 530 478 ne
541 417 612 495 quid
625 417 733 478 durum
745 427 797 480 aut
807 419 954 480 rusticum
966 421 1015 482 sit.
1053 421 1114 484 Nec
1125 443 1195 485 vero

103 501 305 564 histrionibus
328 501 557 580 oratoribusque
590 502 815 564 concedendum
845 512 890 565 est
920 514 954 566 ut
975 505 1012 566 iis
1033 505 1107 568 haec
1128 517 1195 587 apta

104 586 176 661 sint,
193 586 282 648 nobis
293 587 447 648 dissoluta.
477 587 687 648 Scaenicorum
704 587 827 667 quidem
838 608 904 649 mos
916 596 1030 652 tantam
1042 591 1130 653 babet
1145 612 1196 652 ve·

68 684 83 731 5
103 682 170 732 tere
185 672 343 751 disciplina
365 671 585 743 verecundiam,
609 681 644 732 ut
654 673 686 733 in
698 691 835 734 scaenam
851 675 916 734 sine
927 675 1108 754 subligaculo
1122 697 1194 757 pro-

103 759 173 818 deat
189 775 298 818 nemo:
314 765 458 818 verentur
473 756 553 819 enim
568 775 617 828 ne,
633 757 659 816 si
684 777 744 836 quo
761 777 831 820 casu
847 759 980 820 evenerit
1003 768 1044 822 ut.
1061 763 1194 841 corporis

101 850 206 922 partes
222 842 368 920 quaedam
380 841 563 920 aperiantur,
575 841 755 920 aspiciantur
770 862 832 904 non
849 845 964 905 decore.
1003 845 1111 906 Nostro
1128 848 1195 926 qui-

101 928 174 988 dem
191 946 275 988 more
288 945 358 988 cum
375 925 550 1006 parentibus
580 927 710 1005 puberes
724 927 787 1000 lilii,
807 947 877 989 cum
891 929 1003 990 soceris
1017 931 1118 1008 generi
1134 950 1195 993 nen
1232 965 1237 972 ·

100 1013 249 1074 lavantur.
273 1012 439 1074 Retinenda
454 1012 544 1088 igitur
558 1019 605 1072 est
618 1012 709 1074 buius
724 1013 843 1092 generis
858 1013 1044 1086 verecundia,
1059 1034 1195 1094 praeser-

51 1114 79 1164 10
98 1098 156 1158 tim
173 1107 282 1158 natura
298 1098 360 1176 ipsa
376 1096 514 1174 magistra
530 1105 560 1172 et
576 1096 658 1158 duce.

192 1182 267 1244 Cum
283 1190 384 1244 autem
398 1181 630 1261 pulchritudinis
646 1180 705 1242 duo
720 1199 830 1260 genera
846 1183 1052 1262 sint,quorum
1065 1184 1195 1247 inaltero
1211 1187 1251 1242 86

101 1275 247 1330 venustas
263 1276 319 1341 est,
346 1267 378 1328 in
393 1268 486 1328 altero
510 1267 648 1344 dignitas,
675 1275 861 1329 venustatem
889 1269 1065 1330 muliebrem
1088 1270 1264 1332 ducere13⁴l

101 1355 260 1422 debemus,
276 1353 451 1432 dignitatem
466 1352 588 1412 virilem.
625 1352 704 1430 Ergo
727 1362 756 1412 et
778 1372 793 1412 a
813 1354 907 1416 forma
927 1364 1113 1416 removeatur
1129 1375 1196 1416 em-

101 1438 151 1498 nis
167 1438 232 1498 viro
247 1455 311 1500 non
326 1438 433 1515 dignus
449 1445 574 1498 ornatus
591 1444 620 1496 et
634 1436 703 1498 huic
728 1437 823 1498 simile
851 1439 958 1501 vitium
979 1439 1113 1518 ingestu
1129 1460 1195 1502 mo-

51 1534 80 1584 15
98 1532 197 1602 tuque
212 1531 361 1585 caveatur.
389 1522 464 1582 Nam
480 1529 510 1582 et
526 1521 690 1600 palaestrici
710 1530 811 1583 metus
833 1532 904 1585 sunt
924 1544 1011 1605 saepe
1033 1524 1196 1587 odiosiores

102 1616 132 1669 et
148 1607 333 1668 histrionum
348 1624 409 1668 nen
425 1607 496 1666 nulli
511 1614 613 1684 gestus
638 1606 757 1686 ineptiis
779 1627 840 1668 non
856 1617 959 1670 vacant
980 1610 1051 1671 etin
1067 1621 1196 1692 utroque

102 1712 214 1772 genere
238 1712 315 1772 quae
339 1699 410 1753 sunt
430 1699 511 1752 reeta
534 1701 563 1752 et
584 1692 727 1771 simplicia
750 1692 919 1753 laudantur.
950 1695 1074 1756 Formae
1094 1706 1195 1758 autem

103 1778 233 1857 dignitas
248 1777 357 1838 coloris
373 1777 505 1837 bonitate
519 1778 632 1838 tuenda
648 1785 701 1849 est,
714 1777 796 1837 color
813 1778 1074 1841 exercitationibus
1088 1801 1194 1860 corpo·

102 1864 157 1924 ris.
183 1861 361 1924 Adhibenda
381 1870 533 1940 praeterea
557 1862 703 1922 munditia
719 1870 763 1922 est
780 1880 841 1922 uon
858 1862 961 1924 odiosa
975 1882 1073 1942 neque
1090 1867 1195 1946 exqui-
1270 1923 1278 1943 ,

50 1964 82 2014 20
102 1949 161 2009 sita
177 1948 403 2020 nimis,tantum
420 1965 496 2026 quae
512 1946 604 2024 fugiat
618 1955 764 2024 agrestem
780 1955 809 2008 et
821 1948 1016 2010 inhumanam
1032 1951 1194 2028 neglegen-

59 2105 61 2110 ·
141 2086 167 2134 3.
204 2085 373 2134 histrionibus
387 2109 422 2120 -
437 2081 535 2132 maced.
568 2083 619 2132 llas

105 2153 202 2216 Objeet
210 2153 256 2202 des
265 2150 441 2202 Nebeusetzes
450 2152 620 2201 histrionibus

66 2259 68 2264 .
105 2223 143 2272 ist
162 2221 190 2270 iu
210 2222 260 2270 den
278 2219 418 2285 llruptsetz
436 2234 558 2284 gezogeu,
577 2219 619 2268 ein

104 2288 288 2354 griechiseber
313 2287 548 2353 spraobgmnueh,
573 2288 620 2336 der

104 2358 150 2407 bei
169 2357 226 2406 (lie.
241 2355 313 2406 nieht
329 2355 485 2418 ellzubiiulig
499 2354 542 2415 ist,
560 2353 620 2418 1115

106 2427 166 2476 101.
188 2425 219 2475 de
232 2425 283 2486 leg.
294 2439 349 2488 sgr.
364 2423 385 2473 ll
400 2424 442 2487 21,
455 2424 486 2472 51
505 2426 621 2487 quaeest

106 2497 160 2544 istu
178 2495 295 2556 aequiter
310 2497 413 2554 eeteros,
430 2495 508 2541 etiam
524 2492 550 2539 st
562 2493 620 2556 pri·

105 2564 162 2612 vati
171 2563 233 2623 εὐαί,
242 2562 393 2626 permittere
400 2564 430 2610 et
439 2559 538 2626 publici
551 2557 620 2608 iudi·

104 2631 216 2681 ceatur?
250 2627 319 2678 Cael.
339 2627 370 2678 ed
387 2625 446 2678 lam.
464 2626 521 2678 Vlll
541 2628 586 2689 10,
604 2627 619 2674 3

103 2699 178 2748 nosti
188 2693 345 2756 Marcellum,
359 2711 436 2760 quom
448 2693 540 2746 tardm
548 2697 592 2742 sit.

140 2767 166 2816 b.
202 2763 389 2828 margaretum
412 2779 469 2814 war
490 2763 548 2812 eine
571 2760 622 2810 Art

104 2833 206 2884 Scburz
218 2831 281 2880 oder
293 2832 392 2882 breiter
404 2833 494 2896 binde,
515 2831 564 2880 mit
575 2831 621 2879 der

105 2904 152 2952 der
165 2897 302 2952 Unterleib
315 2899 425 2950 bedeckt
436 2900 534 2949 wurde.

141 2970 166 3019 7.
191 2969 354 3034 aspimhntur
374 2983 425 3018 uon
442 2968 531 3018 decore
544 2965 621 3016 =ad=

103 3042 218 3106 spectura
229 3050 281 3085 uon
292 3035 414 3086 duorum
422 3036 571 3103 proebeant.

139 3103 239 3156 Nostro
255 3103 357 3168 quadem
374 3119 455 3156 more:
479 3101 547 3152 Plut.
566 3101 621 3151 Cet.

104 3191 137 3224 m.
152 3191 175 3224 e·
189 3174 223 3222 20
235 3171 283 3222 τοῦ
295 3167 398 3228 παιδὸς
412 3167 547 3244 παρόντος
558 3169 621 3218 avl-

103 3238 264 3294 λούσασθαι
288 3238 441 3306 μηδέποτε·
470 3242 517 3290 καὶ
540 3234 621 3286 τοῦτο

104 3308 202 3364 κοινὸν
214 3307 286 3358 ἔοικε
296 3302 441 3374 Ῥωμαίων
460 3305 524 3364 ἔθος
541 3301 620 3358 elem.

101 3381 227 3448 parentes
251 3376 322 3426 steht
342 3376 400 3426 bier
423 3373 554 3427 nstiirlicb
578 3369 620 3421 sair

123 3453 203 3498 utres.

102 3465 121 3514 p
145 3517 186 3566 11.
209 3513 414 3581 pulchritudinis.
434 3515 618 3566 Stebseneer-

105 3584 178 3634 trare
186 3579 335 3650 κοσμιότης
346 3584 385 3633 als
394 3573 530 3648 ἐπιστήμη
556 3594 621 3650 πρε·

105 3650 226 3702 πουσῶν
248 3652 296 3701 καὶ
318 3647 455 3716 ἀπρεπῶν
479 3641 620 3714 κινήσεων.

106 3720 159 3770 Cic.
173 3717 240 3768 isset
251 3719 299 3770 den
312 3718 411 3783 Begrill
419 3718 520 3768 walter.

143 3789 183 3838 15.
204 3787 358 3853 palaestrici
373 3790 467 3849 motare,
479 3786 620 3850 Bewegun·

105 3870 164 3920 gen,
175 3855 258 3905 denen
268 3870 323 3906 man
335 3854 563 3915 reserere-ungena
572 3853 619 3905 der

683 2083 776 2134 Schule
795 2086 924 2147 unmecht,
949 2086 1013 2136 deun
1032 2103 1091 2137 rom
1106 2086 1192 2153 palee-

683 2155 759 2203 stn'ta
776 2154 878 2203 leruteu
897 2154 938 2205 die
955 2152 1046 2204 litimer
1058 2155 1128 2204 blesa
1141 2156 1192 2205 und

683 2220 796 2285 llaltuug
805 2221 831 2270 in
842 2222 890 2272 den
903 2223 1085 2286 Beweguugeu.
1104 2223 1190 2288 Quint.

685 2288 694 2338 l
708 2289 749 2351 ll,
765 2291 795 2340 lb
807 2303 824 2336 a
836 2291 927 2352 quibus
937 2288 1131 2357 (palaestritis)
1144 2308 1192 2356 ge·

684 2359 741 2405 stus
752 2361 888 2420 motusque
898 2357 1061 2421 formaretur,
1078 2363 1109 2408 et
1120 2362 1192 2408 rectu

683 2425 737 2473 sint
749 2425 864 2488 brachia,
881 2441 913 2473 ue
925 2425 1041 2474 &edoctae
1051 2428 1193 2476 rusticane

683 2507 785 2553 manos,
793 2507 826 2541 ne
837 2496 921 2542 status
933 2492 1083 2553 ιἰιάεοοηιε,
1100 2509 1133 2542 ue
1142 2509 1193 2558 qua

683 2559 712 2608 iri
726 2560 889 2627 proferendis
903 2559 1012 2627 pedibus
1027 2562 1144 2625 osma,
1160 2579 1193 2611 ne

685 2632 762 2694 eaput
780 2628 895 2694 amimae
911 2630 944 2679 ab
962 2627 1016 2678 ulia
1029 2632 1141 2694 eorporis
1152 2631 1193 2678 in-

684 2697 819 2746 clinatione
829 2696 977 2746 dissideant.
990 2696 1102 2746 llesbslb
1112 2712 1190 2760 sagea

684 2765 726 2817 die
736 2764 827 2816 llbrner
835 2766 993 2832 palaestram
1001 2767 1100 2828 babere,
1113 2764 1192 2816 Schu-

684 2833 719 2896 le,
731 2832 840 2883 lloutiue
852 2834 941 2884 beben.
968 2841 1032 2884 orat.
1047 2833 1089 2896 68,
1102 2833 1152 2884 228
1165 2837 1192 2882 r'n

684 2901 1193 2968 quonenmotrrslu'elrabeutpulaestrum

685 2970 823 3034 quandam,
845 2975 882 3030 ut,
902 2970 1024 3035 quidquid
1031 2972 1109 3020 iubis
1117 2971 1193 3020 rebus

682 3039 735 3101 fiat
751 3037 849 3088 utiliter·
866 3037 902 3087 od
914 3052 1048 3103 mam,
1070 3038 1137 3087 idem
1156 3036 1191 3086 od

685 3109 816 3172 aspectum
828 3108 909 3155 etr'um
919 3107 953 3154 sr't
963 3110 1105 3156 emortum.

721 3175 760 3222 17.
785 3170 1083 3238 romae21.z.§1ro.

722 3242 760 3292 1⁸.
783 3239 850 3290 color
867 3241 1093 3291 aamedotiombee
1104 3253 1192 3304 cerpe-

682 3311 728 3359 rr's.
763 3307 900 3372 T's'gliebes
917 3306 1001 3358 Badeu
1026 3308 1076 3356 und
1095 3307 1190 3357 verber

682 3377 784 3437 suche,
803 3375 932 3426 Schweiss
949 3376 1090 3440 erregerrde
1103 3375 1191 3424 Berre-

682 3459 782 3509 gungeu
792 3444 915 3509 gebbrten
929 3441 971 3493 bei
981 3444 1029 3494 den
1039 3441 1147 3492 lldmeru
1157 3457 1189 3490 zu

683 3510 1190 3644 exaltatat''llltrtrttlltt

682 3647 753 3699 eires
766 3647 932 3698 weicblieben
945 3645 1046 3698 Lebens
1063 3647 1113 3698 und
1125 3646 1190 3696 wei·

682 3715 786 3768 blscben
799 3713 919 3766 Wesens·

717 3785 757 3837 to.
785 3787 889 3836 teritum
900 3797 974 3850 quae,
988 3798 1035 3834 nur
1049 3783 1074 3834 iu
1087 3799 1116 3833 so
1129 3782 1190 3832 weit

682 3851 741 3904 dass
752 3851 800 3904 sle¹
827 3850 902 3904 Tere.
915 3851 938 3904 V
951 3853 993 3918 32,
1012 3851 1040 3904 91
1061 3853 1100 3903 er's
1111 3863 1190 3918 appo·
