<?xml version="1.0" encoding="UTF-8"?>
<!DOCTYPE html PUBLIC "-//W3C//DTD XHTML 1.0 Transitional//EN"
    "http://www.w3.org/TR/xhtml1/DTD/xhtml1-transitional.dtd">
<html xmlns="http://www.w3.org/1999/xhtml" xml:lang="en" lang="en">
 <head>
  <title>
</title>
<meta http-equiv="Content-Type" content="text/html;charset=utf-8" />
  <meta name='ocr-system' content='tesseract 3.04.00' />
  <meta name='ocr-capabilities' content='ocr_page ocr_carea ocr_par ocr_line ocrx_word'/>
</head>
<body>
  <div class='ocr_page' id='page_1' title='image "./deofficiisadmar00heingoog_0064.png"; bbox 0 0 2768 4506; ppageno 0'>
   <div class='ocr_carea' id='block_1_1' title="bbox 429 157 1184 232">
    <p class='ocr_par' dir='ltr' id='par_1_1' title="bbox 429 157 1184 232">
     <span class='ocr_line' id='line_1_1' title="bbox 429 157 1184 232; baseline 0.011 -24"><span class='ocrx_word' id='word_1_1' title='bbox 429 157 726 212; x_wconf 72' lang='lat' dir='ltr'><strong>morereretur.</strong></span> <span class='ocrx_word' id='word_1_2' title='bbox 754 160 825 212; x_wconf 81' lang='lat' dir='ltr'><strong>car.</strong></span> <span class='ocrx_word' id='word_1_3' title='bbox 840 163 881 215; x_wconf 83' lang='grc' dir='ltr'><strong>ιι.</strong></span> <span class='ocrx_word' id='word_1_4' title='bbox 1143 172 1184 232; x_wconf 80' lang='lat'><strong>55</strong></span> 
     </span>
    </p>
   </div>
   <div class='ocr_carea' id='block_1_2' title="bbox 105 313 1185 565">
    <p class='ocr_par' dir='ltr' id='par_1_2' title="bbox 105 313 1185 565">
     <span class='ocr_line' id='line_1_2' title="bbox 106 313 1185 393; baseline 0.006 -18"><span class='ocrx_word' id='word_1_5' title='bbox 106 333 167 375; x_wconf 86' lang='lat' dir='ltr'><strong>cuu</strong></span> <span class='ocrx_word' id='word_1_6' title='bbox 194 331 301 391; x_wconf 84' lang='lat' dir='ltr'><strong>nosre,</strong></span> <span class='ocrx_word' id='word_1_7' title='bbox 334 313 484 393; x_wconf 81' lang='lat' dir='ltr'><strong>itemque:</strong></span> <span class='ocrx_word' id='word_1_8' title='bbox 518 331 664 374; x_wconf 76' lang='lat' dir='ltr'><strong>rovenses</strong></span> <span class='ocrx_word' id='word_1_9' title='bbox 694 332 807 375; x_wconf 83' lang='lat' dir='ltr'><strong>nosreu</strong></span> <span class='ocrx_word' id='word_1_10' title='bbox 837 335 969 378; x_wconf 72' lang='lat' dir='ltr'><strong>aerem</strong></span> <span class='ocrx_word' id='word_1_11' title='bbox 1000 339 1185 384; x_wconf 76' lang='lat' dir='ltr'><strong>arcronrras.</strong></span> 
     </span>
     <span class='ocr_line' id='line_1_3' title="bbox 106 397 1185 483; baseline 0.008 -23"><span class='ocrx_word' id='word_1_12' title='bbox 106 399 190 473; x_wconf 85' lang='lat' dir='ltr'><strong>Quid</strong></span> <span class='ocrx_word' id='word_1_13' title='bbox 204 399 243 460; x_wconf 91' lang='lat' dir='ltr'><strong>ad</strong></span> <span class='ocrx_word' id='word_1_14' title='bbox 258 399 337 460; x_wconf 91' lang='lat' dir='ltr'><strong>hanc</strong></span> <span class='ocrx_word' id='word_1_15' title='bbox 353 398 615 460; x_wconf 88' lang='lat' dir='ltr'><strong>mansuetudinem</strong></span> <span class='ocrx_word' id='word_1_16' title='bbox 631 397 701 459; x_wconf 92' lang='lat' dir='ltr'><strong>addi</strong></span> <span class='ocrx_word' id='word_1_17' title='bbox 716 408 824 477; x_wconf 76' lang='lat' dir='ltr'><strong>potest,</strong></span> <span class='ocrx_word' id='word_1_18' title='bbox 843 420 923 475; x_wconf 90' lang='lat' dir='ltr'><strong>eum,</strong></span> <span class='ocrx_word' id='word_1_19' title='bbox 939 404 1059 483; x_wconf 89' lang='lat' dir='ltr'><strong>quicum</strong></span> <span class='ocrx_word' id='word_1_20' title='bbox 1074 405 1185 468; x_wconf 91' lang='lat' dir='ltr'><strong>bellurn</strong></span> 
     </span>
     <span class='ocr_line' id='line_1_4' title="bbox 105 480 1185 565; baseline 0.007 -20"><span class='ocrx_word' id='word_1_21' title='bbox 105 503 205 563; x_wconf 88' lang='lat' dir='ltr'><strong>geras,</strong></span> <span class='ocrx_word' id='word_1_22' title='bbox 221 491 283 545; x_wconf 89' lang='lat' dir='ltr'><strong>tam</strong></span> <span class='ocrx_word' id='word_1_23' title='bbox 300 485 381 545; x_wconf 91' lang='lat' dir='ltr'><strong>molli</strong></span> <span class='ocrx_word' id='word_1_24' title='bbox 393 483 516 544; x_wconf 90' lang='lat' dir='ltr'><strong>nomine</strong></span> <span class='ocrx_word' id='word_1_25' title='bbox 526 480 697 562; x_wconf 80' lang='lat' dir='ltr'><strong>appellare?</strong></span> <span class='ocrx_word' id='word_1_26' title='bbox 719 483 904 565; x_wconf 85' lang='lat' dir='ltr'><strong>Quamquam</strong></span> <span class='ocrx_word' id='word_1_27' title='bbox 915 487 946 548; x_wconf 93' lang='lat' dir='ltr'><strong>id</strong></span> <span class='ocrx_word' id='word_1_28' title='bbox 958 509 1069 552; x_wconf 90' lang='lat' dir='ltr'><strong>nomen</strong></span> <span class='ocrx_word' id='word_1_29' title='bbox 1082 492 1185 553; x_wconf 90' lang='lat' dir='ltr'><strong>durius</strong></span> 
     </span>
    </p>
   </div>
   <div class='ocr_carea' id='block_1_3' title="bbox 50 567 1238 1755">
    <p class='ocr_par' dir='ltr' id='par_1_3' title="bbox 50 567 1238 1755">
     <span class='ocr_line' id='line_1_5' title="bbox 107 567 1184 654; baseline 0.007 -24"><span class='ocrx_word' id='word_1_30' title='bbox 107 570 209 630; x_wconf 84' lang='lat' dir='ltr'><strong>effecit</strong></span> <span class='ocrx_word' id='word_1_31' title='bbox 224 569 284 629; x_wconf 91' lang='lat' dir='ltr'><strong>iam</strong></span> <span class='ocrx_word' id='word_1_32' title='bbox 300 577 450 630; x_wconf 87' lang='lat' dir='ltr'><strong>vetustas:</strong></span> <span class='ocrx_word' id='word_1_33' title='bbox 474 588 491 628; x_wconf 98' lang='lat' dir='ltr'><strong>a</strong></span> <span class='ocrx_word' id='word_1_34' title='bbox 506 567 664 646; x_wconf 85' lang='lat' dir='ltr'><strong>peregrino</strong></span> <span class='ocrx_word' id='word_1_35' title='bbox 679 567 761 630; x_wconf 86' lang='lat' dir='ltr'><strong>eninr</strong></span> <span class='ocrx_word' id='word_1_36' title='bbox 776 570 900 632; x_wconf 80' lang='lat' dir='ltr'>recessit</span> <span class='ocrx_word' id='word_1_37' title='bbox 915 581 945 632; x_wconf 88' lang='lat' dir='ltr'><strong>et</strong></span> <span class='ocrx_word' id='word_1_38' title='bbox 956 576 1077 654; x_wconf 85' lang='lat' dir='ltr'><strong>proprie</strong></span> <span class='ocrx_word' id='word_1_39' title='bbox 1091 577 1122 637; x_wconf 92' lang='lat' dir='ltr'><strong>in</strong></span> <span class='ocrx_word' id='word_1_40' title='bbox 1138 597 1184 648; x_wconf 88' lang='lat' dir='ltr'><strong>eo,</strong></span> 
     </span>
     <span class='ocr_line' id='line_1_6' title="bbox 67 653 1238 738; baseline 0.012 -27"><span class='ocrx_word' id='word_1_41' title='bbox 67 663 83 711; x_wconf 82' lang='lat'><strong>5</strong></span> <span class='ocrx_word' id='word_1_42' title='bbox 105 653 160 734; x_wconf 90' lang='lat' dir='ltr'><strong>qui</strong></span> <span class='ocrx_word' id='word_1_43' title='bbox 176 672 258 714; x_wconf 89' lang='lat' dir='ltr'><strong>arma</strong></span> <span class='ocrx_word' id='word_1_44' title='bbox 274 662 378 715; x_wconf 92' lang='lat' dir='ltr'><strong>contra</strong></span> <span class='ocrx_word' id='word_1_45' title='bbox 392 654 494 725; x_wconf 84' lang='lat' dir='ltr'><strong>ferret,</strong></span> <span class='ocrx_word' id='word_1_46' title='bbox 509 653 665 714; x_wconf 78' lang='lat' dir='ltr'><strong>remansit.</strong></span> <span class='ocrx_word' id='word_1_47' title='bbox 687 654 762 716; x_wconf 84' lang='lat' dir='ltr'><strong>Cum</strong></span> <span class='ocrx_word' id='word_1_48' title='bbox 779 675 849 717; x_wconf 83' lang='lat' dir='ltr'><strong>vero</strong></span> <span class='ocrx_word' id='word_1_49' title='bbox 865 657 902 718; x_wconf 92' lang='lat' dir='ltr'><strong>de</strong></span> <span class='ocrx_word' id='word_1_50' title='bbox 913 658 1040 738; x_wconf 85' lang='lat' dir='ltr'><strong>imperio</strong></span> <span class='ocrx_word' id='word_1_51' title='bbox 1052 661 1187 724; x_wconf 89' lang='lat' dir='ltr'><strong>decerta·</strong></span> <span class='ocrx_word' id='word_1_52' title='bbox 1205 672 1238 725; x_wconf 83' lang='lat'><strong>38</strong></span> 
     </span>
     <span class='ocr_line' id='line_1_7' title="bbox 108 737 1184 828; baseline 0.011 -30"><span class='ocrx_word' id='word_1_53' title='bbox 108 750 162 800; x_wconf 90' lang='lat' dir='ltr'><strong>tur</strong></span> <span class='ocrx_word' id='word_1_54' title='bbox 171 737 311 818; x_wconf 89' lang='lat' dir='ltr'><strong>belloque</strong></span> <span class='ocrx_word' id='word_1_55' title='bbox 323 739 475 819; x_wconf 90' lang='lat' dir='ltr'><strong>quaeritur</strong></span> <span class='ocrx_word' id='word_1_56' title='bbox 485 738 588 814; x_wconf 90' lang='lat' dir='ltr'><strong>gloria,</strong></span> <span class='ocrx_word' id='word_1_57' title='bbox 596 757 697 800; x_wconf 79' lang='lat' dir='ltr'><strong>causas</strong></span> <span class='ocrx_word' id='word_1_58' title='bbox 709 742 833 802; x_wconf 91' lang='lat' dir='ltr'><strong>omnino</strong></span> <span class='ocrx_word' id='word_1_59' title='bbox 845 742 968 804; x_wconf 79' lang='lat' dir='ltr'><strong>subesse</strong></span> <span class='ocrx_word' id='word_1_60' title='bbox 980 753 1082 807; x_wconf 90' lang='lat' dir='ltr'><strong>tamen</strong></span> <span class='ocrx_word' id='word_1_61' title='bbox 1093 767 1184 828; x_wconf 84' lang='lat' dir='ltr'><strong>opor-</strong></span> 
     </span>
     <span class='ocr_line' id='line_1_8' title="bbox 97 819 1183 904; baseline 0.009 -20"><span class='ocrx_word' id='word_1_62' title='bbox 97 819 155 884; x_wconf 84' lang='lat' dir='ltr'><strong>&#39;tet</strong></span> <span class='ocrx_word' id='word_1_63' title='bbox 170 823 304 896; x_wconf 89' lang='lat' dir='ltr'><strong>easdem,</strong></span> <span class='ocrx_word' id='word_1_64' title='bbox 320 843 394 904; x_wconf 91' lang='lat' dir='ltr'><strong>quas</strong></span> <span class='ocrx_word' id='word_1_65' title='bbox 415 824 474 882; x_wconf 80' lang='lat' dir='ltr'><strong>dixi</strong></span> <span class='ocrx_word' id='word_1_66' title='bbox 496 824 593 902; x_wconf 84' lang='lat' dir='ltr'><strong>paullo</strong></span> <span class='ocrx_word' id='word_1_67' title='bbox 615 831 685 884; x_wconf 92' lang='lat' dir='ltr'><strong>ante</strong></span> <span class='ocrx_word' id='word_1_68' title='bbox 707 825 801 886; x_wconf 87' lang='lat' dir='ltr'><strong>iustas</strong></span> <span class='ocrx_word' id='word_1_69' title='bbox 823 845 925 888; x_wconf 85' lang='lat' dir='ltr'><strong>causas</strong></span> <span class='ocrx_word' id='word_1_70' title='bbox 948 848 1012 890; x_wconf 91' lang='lat' dir='ltr'><strong>esse</strong></span> <span class='ocrx_word' id='word_1_71' title='bbox 1027 829 1183 894; x_wconf 86' lang='lat' dir='ltr'><strong>bellorum.</strong></span> 
     </span>
     <span class='ocr_line' id='line_1_9' title="bbox 109 908 1185 988; baseline 0.011 -20"><span class='ocrx_word' id='word_1_72' title='bbox 109 909 172 970; x_wconf 85' lang='lat' dir='ltr'><strong>Sed</strong></span> <span class='ocrx_word' id='word_1_73' title='bbox 187 927 221 969; x_wconf 88' lang='lat' dir='ltr'><strong>ea</strong></span> <span class='ocrx_word' id='word_1_74' title='bbox 235 908 320 980; x_wconf 90' lang='lat' dir='ltr'><strong>bella,</strong></span> <span class='ocrx_word' id='word_1_75' title='bbox 336 908 444 988; x_wconf 90' lang='lat' dir='ltr'><strong>quibus</strong></span> <span class='ocrx_word' id='word_1_76' title='bbox 458 909 574 986; x_wconf 88' lang='lat' dir='ltr'><strong>imperii</strong></span> <span class='ocrx_word' id='word_1_77' title='bbox 596 909 747 987; x_wconf 86' lang='lat' dir='ltr'><strong>proposita</strong></span> <span class='ocrx_word' id='word_1_78' title='bbox 767 910 858 987; x_wconf 90' lang='lat' dir='ltr'><strong>gloria</strong></span> <span class='ocrx_word' id='word_1_79' title='bbox 879 923 940 986; x_wconf 91' lang='lat' dir='ltr'><strong>est,</strong></span> <span class='ocrx_word' id='word_1_80' title='bbox 959 914 1058 976; x_wconf 90' lang='lat' dir='ltr'><strong>minus</strong></span> <span class='ocrx_word' id='word_1_81' title='bbox 1080 919 1185 980; x_wconf 80' lang='lat' dir='ltr'><strong>acerbe</strong></span> 
     </span>
     <span class='ocr_line' id='line_1_10' title="bbox 107 992 1185 1072; baseline 0.009 -18"><span class='ocrx_word' id='word_1_82' title='bbox 107 994 243 1072; x_wconf 90' lang='lat' dir='ltr'><strong>gerenda</strong></span> <span class='ocrx_word' id='word_1_83' title='bbox 259 1000 338 1054; x_wconf 90' lang='lat' dir='ltr'><strong>sunt.</strong></span> <span class='ocrx_word' id='word_1_84' title='bbox 362 994 402 1054; x_wconf 87' lang='lat' dir='ltr'><strong>Ut</strong></span> <span class='ocrx_word' id='word_1_85' title='bbox 414 993 505 1065; x_wconf 89' lang='lat' dir='ltr'><strong>enim,</strong></span> <span class='ocrx_word' id='word_1_86' title='bbox 517 1012 586 1054; x_wconf 88' lang='lat' dir='ltr'><strong>cum</strong></span> <span class='ocrx_word' id='word_1_87' title='bbox 598 992 652 1054; x_wconf 87' lang='lat' dir='ltr'><strong>ciri</strong></span> <span class='ocrx_word' id='word_1_88' title='bbox 663 993 749 1054; x_wconf 86' lang='lat' dir='ltr'><strong>ahter</strong></span> <span class='ocrx_word' id='word_1_89' title='bbox 759 998 979 1071; x_wconf 83' lang='lat' dir='ltr'><strong>contendimus,</strong></span> <span class='ocrx_word' id='word_1_90' title='bbox 991 1000 1016 1060; x_wconf 92' lang='lat' dir='ltr'><strong>si</strong></span> <span class='ocrx_word' id='word_1_91' title='bbox 1028 1011 1074 1062; x_wconf 90' lang='lat' dir='ltr'><strong>est</strong></span> <span class='ocrx_word' id='word_1_92' title='bbox 1084 1003 1185 1064; x_wconf 91' lang='lat' dir='ltr'><strong>inimi-</strong></span> 
     </span>
     <span class='ocr_line' id='line_1_11' title="bbox 50 1077 1185 1168; baseline 0.009 -30"><span class='ocrx_word' id='word_1_93' title='bbox 50 1089 85 1139; x_wconf 84' lang='grc'><strong>10</strong></span> <span class='ocrx_word' id='word_1_94' title='bbox 105 1097 171 1152; x_wconf 88' lang='lat' dir='ltr'><strong>cus,</strong></span> <span class='ocrx_word' id='word_1_95' title='bbox 183 1077 279 1168; x_wconf 77' lang='lat' dir='ltr'><strong>aliter,</strong></span> <span class='ocrx_word' id='word_1_96' title='bbox 292 1078 318 1138; x_wconf 94' lang='lat' dir='ltr'><strong>si</strong></span> <span class='ocrx_word' id='word_1_97' title='bbox 329 1080 618 1157; x_wconf 88' lang='lat' dir='ltr'><strong>competitor-cum</strong></span> <span class='ocrx_word' id='word_1_98' title='bbox 631 1079 724 1140; x_wconf 90' lang='lat' dir='ltr'><strong>altero</strong></span> <span class='ocrx_word' id='word_1_99' title='bbox 736 1089 889 1143; x_wconf 89' lang='lat' dir='ltr'><strong>certarnen</strong></span> <span class='ocrx_word' id='word_1_100' title='bbox 902 1081 1026 1146; x_wconf 88' lang='lat' dir='ltr'><strong>honoris</strong></span> <span class='ocrx_word' id='word_1_101' title='bbox 1043 1095 1072 1146; x_wconf 93' lang='lat' dir='ltr'><strong>et</strong></span> <span class='ocrx_word' id='word_1_102' title='bbox 1088 1089 1185 1168; x_wconf 87' lang='lat' dir='ltr'><strong>digni-</strong></span> 
     </span>
     <span class='ocr_line' id='line_1_12' title="bbox 107 1163 1185 1244; baseline 0.011 -21"><span class='ocrx_word' id='word_1_103' title='bbox 107 1163 179 1224; x_wconf 87' lang='lat' dir='ltr'><strong>tatis</strong></span> <span class='ocrx_word' id='word_1_104' title='bbox 196 1173 252 1234; x_wconf 91' lang='lat' dir='ltr'><strong>est,</strong></span> <span class='ocrx_word' id='word_1_105' title='bbox 268 1183 337 1226; x_wconf 93' lang='lat' dir='ltr'><strong>cum</strong></span> <span class='ocrx_word' id='word_1_106' title='bbox 352 1164 445 1224; x_wconf 89' lang='lat' dir='ltr'><strong>altero</strong></span> <span class='ocrx_word' id='word_1_107' title='bbox 461 1163 563 1242; x_wconf 88' lang='lat' dir='ltr'><strong>capitis</strong></span> <span class='ocrx_word' id='word_1_108' title='bbox 578 1172 608 1224; x_wconf 89' lang='lat' dir='ltr'><strong>et</strong></span> <span class='ocrx_word' id='word_1_109' title='bbox 622 1164 773 1234; x_wconf 87' lang='lat' dir='ltr'><strong>lamae—,</strong></span> <span class='ocrx_word' id='word_1_110' title='bbox 791 1167 833 1228; x_wconf 91' lang='lat' dir='ltr'><strong>sic</strong></span> <span class='ocrx_word' id='word_1_111' title='bbox 848 1185 915 1228; x_wconf 89' lang='lat' dir='ltr'><strong>cum</strong></span> <span class='ocrx_word' id='word_1_112' title='bbox 931 1168 1095 1244; x_wconf 84' lang='lat' dir='ltr'><strong>Celtiberis,</strong></span> <span class='ocrx_word' id='word_1_113' title='bbox 1117 1192 1185 1234; x_wconf 91' lang='lat' dir='ltr'><strong>cum</strong></span> 
     </span>
     <span class='ocr_line' id='line_1_13' title="bbox 109 1247 1187 1326; baseline 0.009 -16"><span class='ocrx_word' id='word_1_114' title='bbox 109 1247 240 1310; x_wconf 87' lang='lat' dir='ltr'><strong>Cimbris</strong></span> <span class='ocrx_word' id='word_1_115' title='bbox 254 1249 367 1310; x_wconf 90' lang='lat' dir='ltr'><strong>bellurn</strong></span> <span class='ocrx_word' id='word_1_116' title='bbox 383 1257 417 1308; x_wconf 90' lang='lat' dir='ltr'><strong>ut</strong></span> <span class='ocrx_word' id='word_1_117' title='bbox 432 1267 501 1309; x_wconf 88' lang='lat' dir='ltr'><strong>eum</strong></span> <span class='ocrx_word' id='word_1_118' title='bbox 516 1247 644 1308; x_wconf 89' lang='lat' dir='ltr'><strong>inimicis</strong></span> <span class='ocrx_word' id='word_1_119' title='bbox 660 1251 827 1326; x_wconf 84' lang='lat' dir='ltr'><strong>gerebatur,</strong></span> <span class='ocrx_word' id='word_1_120' title='bbox 850 1261 918 1313; x_wconf 87' lang='lat' dir='ltr'><strong>uter</strong></span> <span class='ocrx_word' id='word_1_121' title='bbox 932 1263 1022 1324; x_wconf 89' lang='lat' dir='ltr'><strong>esset,</strong></span> <span class='ocrx_word' id='word_1_122' title='bbox 1043 1274 1105 1317; x_wconf 92' lang='lat' dir='ltr'><strong>non</strong></span> <span class='ocrx_word' id='word_1_123' title='bbox 1120 1266 1187 1320; x_wconf 90' lang='lat' dir='ltr'><strong>uter</strong></span> 
     </span>
     <span class='ocr_line' id='line_1_14' title="bbox 109 1333 1185 1420; baseline 0.008 -27"><span class='ocrx_word' id='word_1_124' title='bbox 109 1334 283 1413; x_wconf 87' lang='lat' dir='ltr'><strong>imperaret,</strong></span> <span class='ocrx_word' id='word_1_125' title='bbox 307 1353 376 1395; x_wconf 89' lang='lat' dir='ltr'><strong>cum</strong></span> <span class='ocrx_word' id='word_1_126' title='bbox 390 1333 503 1395; x_wconf 90' lang='lat' dir='ltr'><strong>Latinis</strong></span> <span class='ocrx_word' id='word_1_127' title='bbox 525 1333 642 1394; x_wconf 88' lang='lat' dir='ltr'><strong>Sabinis</strong></span> <span class='ocrx_word' id='word_1_128' title='bbox 664 1335 863 1407; x_wconf 90' lang='lat' dir='ltr'><strong>Samnitibus,</strong></span> <span class='ocrx_word' id='word_1_129' title='bbox 885 1337 994 1400; x_wconf 89' lang='lat' dir='ltr'><strong>Poenis</strong></span> <span class='ocrx_word' id='word_1_130' title='bbox 1014 1341 1128 1420; x_wconf 79' lang='lat' dir='ltr'><strong>Pyrrho</strong></span> <span class='ocrx_word' id='word_1_131' title='bbox 1148 1343 1185 1402; x_wconf 93' lang='lat' dir='ltr'><strong>de</strong></span> 
     </span>
     <span class='ocr_line' id='line_1_15' title="bbox 108 1418 1186 1507; baseline 0.008 -29"><span class='ocrx_word' id='word_1_132' title='bbox 108 1418 239 1498; x_wconf 89' lang='lat' dir='ltr'><strong>imperio</strong></span> <span class='ocrx_word' id='word_1_133' title='bbox 255 1418 460 1482; x_wconf 84' lang='lat' dir='ltr'><strong>dimicabatur.</strong></span> <span class='ocrx_word' id='word_1_134' title='bbox 487 1418 578 1479; x_wconf 87' lang='lat' dir='ltr'><strong>Poeni</strong></span> <span class='ocrx_word' id='word_1_135' title='bbox 594 1419 757 1498; x_wconf 81' lang='lat' dir='ltr'><strong>foedifragi,</strong></span> <span class='ocrx_word' id='word_1_136' title='bbox 771 1423 899 1484; x_wconf 90' lang='lat' dir='ltr'><strong>crudelis</strong></span> <span class='ocrx_word' id='word_1_137' title='bbox 911 1423 1065 1498; x_wconf 86' lang='lat' dir='ltr'><strong>Hannibal,</strong></span> <span class='ocrx_word' id='word_1_138' title='bbox 1080 1426 1186 1507; x_wconf 92' lang='lat' dir='ltr'><strong>reliqui</strong></span> 
     </span>
     <span class='ocr_line' id='line_1_16' title="bbox 53 1503 1143 1588; baseline 0.008 -25"><span class='ocrx_word' id='word_1_139' title='bbox 53 1512 87 1563; x_wconf 83' lang='lat'><strong>15</strong></span> <span class='ocrx_word' id='word_1_140' title='bbox 109 1503 263 1566; x_wconf 89' lang='lat' dir='ltr'><strong>iustiores.</strong></span> <span class='ocrx_word' id='word_1_141' title='bbox 293 1503 399 1582; x_wconf 78' lang='lat' dir='ltr'><strong>Pyrrhi</strong></span> <span class='ocrx_word' id='word_1_142' title='bbox 413 1504 534 1582; x_wconf 90' lang='lat' dir='ltr'><strong>quidem</strong></span> <span class='ocrx_word' id='word_1_143' title='bbox 551 1503 588 1564; x_wconf 88' lang='lat' dir='ltr'><strong>de</strong></span> <span class='ocrx_word' id='word_1_144' title='bbox 603 1504 727 1583; x_wconf 80' lang='lat' dir='ltr'><strong>captivis</strong></span> <span class='ocrx_word' id='word_1_145' title='bbox 740 1507 900 1568; x_wconf 92' lang='lat' dir='ltr'><strong>reddendis</strong></span> <span class='ocrx_word' id='word_1_146' title='bbox 915 1509 963 1570; x_wconf 92' lang='lat' dir='ltr'><strong>illa</strong></span> <span class='ocrx_word' id='word_1_147' title='bbox 978 1512 1143 1588; x_wconf 86' lang='lat' dir='ltr'><strong>praeclara:</strong></span> 
     </span>
     <span class='ocr_line' id='line_1_17' title="bbox 215 1587 968 1668; baseline 0.005 -18"><span class='ocrx_word' id='word_1_148' title='bbox 215 1589 273 1650; x_wconf 85' lang='lat' dir='ltr'><strong>Neo</strong></span> <span class='ocrx_word' id='word_1_149' title='bbox 288 1593 330 1650; x_wconf 82' lang='lat' dir='ltr'><strong>mi</strong></span> <span class='ocrx_word' id='word_1_150' title='bbox 343 1606 450 1649; x_wconf 78' lang='lat' dir='ltr'><strong>aarum</strong></span> <span class='ocrx_word' id='word_1_151' title='bbox 458 1605 543 1667; x_wconf 80' lang='lat' dir='ltr'><strong>posco</strong></span> <span class='ocrx_word' id='word_1_152' title='bbox 557 1606 610 1648; x_wconf 82' lang='lat' dir='ltr'><strong>aec</strong></span> <span class='ocrx_word' id='word_1_153' title='bbox 623 1593 668 1650; x_wconf 81' lang='lat' dir='ltr'><strong>mi</strong></span> <span class='ocrx_word' id='word_1_154' title='bbox 676 1594 802 1668; x_wconf 63' lang='lat' dir='ltr'><strong>melleam</strong></span> <span class='ocrx_word' id='word_1_155' title='bbox 818 1587 968 1654; x_wconf 65' lang='lat' dir='ltr'><strong>broeris!</strong></span> 
     </span>
     <span class='ocr_line' id='line_1_18' title="bbox 214 1673 899 1755; baseline 0.004 -21"><span class='ocrx_word' id='word_1_156' title='bbox 214 1673 280 1734; x_wconf 78' lang='lat' dir='ltr'><strong>Non</strong></span> <span class='ocrx_word' id='word_1_157' title='bbox 293 1684 486 1753; x_wconf 70' lang='lat' dir='ltr'><strong>cooperantes</strong></span> <span class='ocrx_word' id='word_1_158' title='bbox 501 1673 615 1746; x_wconf 83' lang='lat' dir='ltr'><strong>bellom,</strong></span> <span class='ocrx_word' id='word_1_159' title='bbox 630 1676 680 1735; x_wconf 84' lang='lat' dir='ltr'><strong>sed</strong></span> <span class='ocrx_word' id='word_1_160' title='bbox 695 1675 899 1755; x_wconf 72' lang='lat' dir='ltr'><strong>belligerantes,</strong></span> 
     </span>
    </p>
   </div>
   <div class='ocr_carea' id='block_1_4' title="bbox 108 1846 1190 3890">
    <p class='ocr_par' dir='ltr' id='par_1_4' title="bbox 108 1846 1190 2794">
     <span class='ocr_line' id='line_1_19' title="bbox 110 1846 1188 1914; baseline 0.001 -15"><span class='ocrx_word' id='word_1_161' title='bbox 110 1851 187 1900; x_wconf 79' lang='lat' dir='ltr'><strong>hoste</strong></span> <span class='ocrx_word' id='word_1_162' title='bbox 201 1851 271 1901; x_wconf 89' lang='lat' dir='ltr'><strong>steht</strong></span> <span class='ocrx_word' id='word_1_163' title='bbox 284 1849 353 1901; x_wconf 82' lang='lat' dir='ltr'><strong>Fest.</strong></span> <span class='ocrx_word' id='word_1_164' title='bbox 366 1865 390 1914; x_wconf 86' lang='lat' dir='ltr'><strong>p.</strong></span> <span class='ocrx_word' id='word_1_165' title='bbox 405 1849 454 1898; x_wconf 82' lang='grc'><strong>194</strong></span> <span class='ocrx_word' id='word_1_166' title='bbox 466 1851 552 1898; x_wconf 71' lang='lat' dir='ltr'><strong>statere</strong></span> <span class='ocrx_word' id='word_1_167' title='bbox 572 1847 626 1898; x_wconf 71' lang='lat' dir='ltr'><strong>dees</strong></span> <span class='ocrx_word' id='word_1_168' title='bbox 680 1846 760 1898; x_wconf 85' lang='lat' dir='ltr'><strong>blilde</strong></span> <span class='ocrx_word' id='word_1_169' title='bbox 782 1863 832 1897; x_wconf 89' lang='lat' dir='ltr'><strong>von</strong></span> <span class='ocrx_word' id='word_1_170' title='bbox 853 1847 940 1898; x_wconf 89' lang='lat' dir='ltr'><strong>Seiten</strong></span> <span class='ocrx_word' id='word_1_171' title='bbox 956 1849 1002 1900; x_wconf 89' lang='lat' dir='ltr'><strong>der</strong></span> <span class='ocrx_word' id='word_1_172' title='bbox 1010 1849 1102 1900; x_wconf 82' lang='lat' dir='ltr'><strong>Rbmer</strong></span> <span class='ocrx_word' id='word_1_173' title='bbox 1114 1852 1188 1902; x_wconf 84' lang='lat' dir='ltr'><strong>daria</strong></span> 
     </span>
     <span class='ocr_line' id='line_1_20' title="bbox 110 1913 1187 1984; baseline 0.001 -16"><span class='ocrx_word' id='word_1_174' title='bbox 110 1921 218 1968; x_wconf 81' lang='lat' dir='ltr'><strong>meatur</strong></span> <span class='ocrx_word' id='word_1_175' title='bbox 229 1921 274 1984; x_wconf 83' lang='lat' dir='ltr'><strong>qui</strong></span> <span class='ocrx_word' id='word_1_176' title='bbox 289 1917 380 1968; x_wconf 80' lang='lat' dir='ltr'><strong>iudicii</strong></span> <span class='ocrx_word' id='word_1_177' title='bbox 395 1931 474 1966; x_wconf 71' lang='lat' dir='ltr'><strong>caroso</strong></span> <span class='ocrx_word' id='word_1_178' title='bbox 483 1921 522 1965; x_wconf 86' lang='lat' dir='ltr'><strong>est</strong></span> <span class='ocrx_word' id='word_1_179' title='bbox 533 1919 626 1966; x_wconf 65' lang='lat' dir='ltr'><strong>coruu-</strong></span> <span class='ocrx_word' id='word_1_180' title='bbox 679 1913 911 1980; x_wconf 67' lang='lat' dir='ltr'><strong>laggebtausdem</strong></span> <span class='ocrx_word' id='word_1_181' title='bbox 921 1916 983 1967; x_wconf 85' lang='lat' dir='ltr'><strong>eben</strong></span> <span class='ocrx_word' id='word_1_182' title='bbox 991 1917 1119 1982; x_wconf 84' lang='lat' dir='ltr'><strong>Gesagten</strong></span> <span class='ocrx_word' id='word_1_183' title='bbox 1127 1920 1187 1969; x_wconf 88' lang='lat' dir='ltr'><strong>ber·</strong></span> 
     </span>
     <span class='ocr_line' id='line_1_21' title="bbox 109 1983 1188 2053; baseline 0.001 -18"><span class='ocrx_word' id='word_1_184' title='bbox 109 1990 185 2036; x_wconf 82' lang='lat' dir='ltr'><strong>tulus</strong></span> <span class='ocrx_word' id='word_1_185' title='bbox 208 2002 267 2038; x_wconf 83' lang='lat' dir='ltr'><strong>cum</strong></span> <span class='ocrx_word' id='word_1_186' title='bbox 278 1987 357 2036; x_wconf 80' lang='lat' dir='ltr'><strong>hoste.</strong></span> <span class='ocrx_word' id='word_1_187' title='bbox 381 1985 447 2036; x_wconf 91' lang='lat' dir='ltr'><strong>Wer</strong></span> <span class='ocrx_word' id='word_1_188' title='bbox 459 1983 538 2034; x_wconf 90' lang='lat' dir='ltr'><strong>durch</strong></span> <span class='ocrx_word' id='word_1_189' title='bbox 552 1984 625 2034; x_wconf 87' lang='lat' dir='ltr'><strong>einen</strong></span> <span class='ocrx_word' id='word_1_190' title='bbox 680 2000 736 2034; x_wconf 87' lang='lat' dir='ltr'><strong>vor.</strong></span> <span class='ocrx_word' id='word_1_191' title='bbox 746 2013 778 2021; x_wconf 92' lang='lat'>—</span> <span class='ocrx_word' id='word_1_192' title='bbox 789 1986 840 2035; x_wconf 88' lang='lat' dir='ltr'><strong>Der</strong></span> <span class='ocrx_word' id='word_1_193' title='bbox 852 1983 898 2034; x_wconf 85' lang='lat' dir='ltr'><strong>lul.</strong></span> <span class='ocrx_word' id='word_1_194' title='bbox 911 1985 1040 2053; x_wconf 80' lang='lat' dir='ltr'><strong>appellare</strong></span> <span class='ocrx_word' id='word_1_195' title='bbox 1052 1986 1134 2036; x_wconf 89' lang='lat' dir='ltr'><strong>bildet</strong></span> <span class='ocrx_word' id='word_1_196' title='bbox 1146 1987 1188 2037; x_wconf 87' lang='lat' dir='ltr'><strong>die</strong></span> 
     </span>
     <span class='ocr_line' id='line_1_22' title="bbox 109 2052 1088 2118; baseline -0.001 -15"><span class='ocrx_word' id='word_1_197' title='bbox 109 2053 218 2105; x_wconf 85' lang='lat' dir='ltr'><strong>soleben</strong></span> <span class='ocrx_word' id='word_1_198' title='bbox 231 2054 333 2106; x_wconf 85' lang='lat' dir='ltr'><strong>Termin</strong></span> <span class='ocrx_word' id='word_1_199' title='bbox 346 2052 513 2117; x_wconf 78' lang='lat' dir='ltr'><strong>inhospruch</strong></span> <span class='ocrx_word' id='word_1_200' title='bbox 523 2068 626 2116; x_wconf 88' lang='lat' dir='ltr'><strong>genom-</strong></span> <span class='ocrx_word' id='word_1_201' title='bbox 679 2053 832 2118; x_wconf 75' lang='lat' dir='ltr'><strong>Apposition</strong></span> <span class='ocrx_word' id='word_1_202' title='bbox 845 2070 877 2104; x_wconf 85' lang='grc' dir='ltr'><strong>ιιι</strong></span> <span class='ocrx_word' id='word_1_203' title='bbox 888 2055 954 2103; x_wconf 84' lang='lat' dir='ltr'><strong>hanc</strong></span> <span class='ocrx_word' id='word_1_204' title='bbox 962 2059 1088 2104; x_wconf 81' lang='lat' dir='ltr'><strong>marrsuel.</strong></span> 
     </span>
     <span class='ocr_line' id='line_1_23' title="bbox 108 2119 1188 2183; baseline 0.001 -11"><span class='ocrx_word' id='word_1_205' title='bbox 108 2137 169 2172; x_wconf 88' lang='lat' dir='ltr'><strong>men</strong></span> <span class='ocrx_word' id='word_1_206' title='bbox 182 2121 375 2183; x_wconf 86' lang='lat' dir='ltr'><strong>war‚brauchte</strong></span> <span class='ocrx_word' id='word_1_207' title='bbox 388 2119 625 2171; x_wconf 63' lang='lat' dir='ltr'><strong>debellantem</strong></span> <span class='ocrx_word' id='word_1_208' title='bbox 714 2123 738 2169; x_wconf 85' lang='lat'><strong>5.</strong></span> <span class='ocrx_word' id='word_1_209' title='bbox 770 2120 834 2171; x_wconf 81' lang='lat' dir='ltr'><strong>Cum</strong></span> <span class='ocrx_word' id='word_1_210' title='bbox 856 2136 913 2172; x_wconf 81' lang='lat' dir='ltr'><strong>aero</strong></span> <span class='ocrx_word' id='word_1_211' title='bbox 935 2121 1058 2173; x_wconf 86' lang='lat' dir='ltr'><strong>schliesst</strong></span> <span class='ocrx_word' id='word_1_212' title='bbox 1082 2122 1138 2172; x_wconf 90' lang='lat' dir='ltr'><strong>sich</strong></span> <span class='ocrx_word' id='word_1_213' title='bbox 1155 2139 1188 2173; x_wconf 87' lang='lat' dir='ltr'><strong>en</strong></span> 
     </span>
     <span class='ocr_line' id='line_1_24' title="bbox 109 2188 1187 2254; baseline 0 -14"><span class='ocrx_word' id='word_1_214' title='bbox 109 2189 266 2254; x_wconf 81' lang='lat' dir='ltr'><strong>&#39;Pagonicht</strong></span> <span class='ocrx_word' id='word_1_215' title='bbox 287 2205 334 2239; x_wconf 85' lang='lat' dir='ltr'><strong>zur</strong></span> <span class='ocrx_word' id='word_1_216' title='bbox 348 2189 502 2251; x_wconf 79' lang='lat' dir='ltr'><strong>husbehung</strong></span> <span class='ocrx_word' id='word_1_217' title='bbox 517 2188 626 2237; x_wconf 86' lang='lat' dir='ltr'><strong>zustel·</strong></span> <span class='ocrx_word' id='word_1_218' title='bbox 679 2188 746 2254; x_wconf 69' lang='lat'><strong>§35</strong></span> <span class='ocrx_word' id='word_1_219' title='bbox 764 2205 805 2240; x_wconf 87' lang='lat' dir='ltr'><strong>en.</strong></span> <span class='ocrx_word' id='word_1_220' title='bbox 830 2192 931 2240; x_wconf 79' lang='lat' dir='ltr'><strong>omnino</strong></span> <span class='ocrx_word' id='word_1_221' title='bbox 951 2191 985 2241; x_wconf 82' lang='lat' dir='ltr'><strong>im</strong></span> <span class='ocrx_word' id='word_1_222' title='bbox 1002 2191 1187 2254; x_wconf 79' lang='lat' dir='ltr'><strong>Allgemeinen,</strong></span> 
     </span>
     <span class='ocr_line' id='line_1_25' title="bbox 109 2255 1189 2322; baseline 0.001 -15"><span class='ocrx_word' id='word_1_223' title='bbox 109 2259 163 2309; x_wconf 82' lang='lat' dir='ltr'><strong>len.</strong></span> <span class='ocrx_word' id='word_1_224' title='bbox 184 2255 251 2308; x_wconf 88' lang='lat' dir='ltr'><strong>Gell.</strong></span> <span class='ocrx_word' id='word_1_225' title='bbox 278 2255 373 2310; x_wconf 77' lang='lat' dir='ltr'><strong>XVll</strong></span> <span class='ocrx_word' id='word_1_226' title='bbox 396 2256 526 2307; x_wconf 64' lang='lat' dir='ltr'><strong>muribus</strong></span> <span class='ocrx_word' id='word_1_227' title='bbox 539 2260 626 2306; x_wconf 71' lang='lat' dir='ltr'><strong>amero</strong></span> <span class='ocrx_word' id='word_1_228' title='bbox 679 2256 1189 2322; x_wconf 76' lang='lat' dir='ltr'><strong>woheijedorhfrireinzelneF&#39;ailleaueh</strong></span> 
     </span>
     <span class='ocr_line' id='line_1_26' title="bbox 109 2321 1189 2459; baseline 0 -15"><span class='ocrx_word' id='word_1_229' title='bbox 109 2321 625 2459; x_wconf 58' lang='lat' dir='ltr'><strong>tldtrllttttltlllbttdl</strong></span> <span class='ocrx_word' id='word_1_230' title='bbox 679 2324 1189 2445; x_wconf 65' lang='lat' dir='ltr'><strong>litltltbzlbltttlthtlllll</strong></span> 
     </span>
     <span class='ocr_line' id='line_1_27' title="bbox 111 2461 1189 2528; baseline -0.004 -14"><span class='ocrx_word' id='word_1_231' title='bbox 111 2461 214 2514; x_wconf 76' lang='lat' dir='ltr'><strong>dorent:</strong></span> <span class='ocrx_word' id='word_1_232' title='bbox 235 2461 324 2512; x_wconf 81' lang='lat' dir='ltr'><strong>deinde</strong></span> <span class='ocrx_word' id='word_1_233' title='bbox 341 2462 525 2528; x_wconf 71' lang='lat' dir='ltr'><strong>corripiebatur</strong></span> <span class='ocrx_word' id='word_1_234' title='bbox 542 2462 625 2510; x_wconf 69' lang='lat' dir='ltr'><strong>ursio-</strong></span> <span class='ocrx_word' id='word_1_235' title='bbox 679 2463 712 2512; x_wconf 89' lang='lat' dir='ltr'><strong>So</strong></span> <span class='ocrx_word' id='word_1_236' title='bbox 726 2461 821 2511; x_wconf 85' lang='lat' dir='ltr'><strong>konnte</strong></span> <span class='ocrx_word' id='word_1_237' title='bbox 830 2461 883 2510; x_wconf 88' lang='lat' dir='ltr'><strong>Cle.</strong></span> <span class='ocrx_word' id='word_1_238' title='bbox 897 2477 946 2511; x_wconf 86' lang='lat' dir='ltr'><strong>nur</strong></span> <span class='ocrx_word' id='word_1_239' title='bbox 958 2461 1003 2512; x_wconf 88' lang='lat' dir='ltr'><strong>aul</strong></span> <span class='ocrx_word' id='word_1_240' title='bbox 1011 2462 1098 2512; x_wconf 89' lang='lat' dir='ltr'><strong>Grund</strong></span> <span class='ocrx_word' id='word_1_241' title='bbox 1109 2461 1154 2511; x_wconf 89' lang='lat' dir='ltr'><strong>der</strong></span> <span class='ocrx_word' id='word_1_242' title='bbox 1163 2463 1189 2511; x_wconf 90' lang='lat' dir='ltr'><strong>in</strong></span> 
     </span>
     <span class='ocr_line' id='line_1_28' title="bbox 110 2527 1189 2593; baseline -0.001 -12"><span class='ocrx_word' id='word_1_243' title='bbox 110 2529 236 2592; x_wconf 81' lang='lat' dir='ltr'><strong>randum,</strong></span> <span class='ocrx_word' id='word_1_244' title='bbox 248 2535 276 2580; x_wconf 80' lang='lat' dir='ltr'><strong>ut</strong></span> <span class='ocrx_word' id='word_1_245' title='bbox 288 2528 405 2580; x_wconf 76' lang='lat' dir='ltr'><strong>adessent</strong></span> <span class='ocrx_word' id='word_1_246' title='bbox 417 2531 458 2578; x_wconf 72' lang='lat' dir='ltr'><strong>hir</strong></span> <span class='ocrx_word' id='word_1_247' title='bbox 469 2527 565 2578; x_wconf 79' lang='lat' dir='ltr'><strong>additis</strong></span> <span class='ocrx_word' id='word_1_248' title='bbox 574 2544 623 2578; x_wconf 71' lang='lat' dir='ltr'><strong>ere·</strong></span> <span class='ocrx_word' id='word_1_249' title='bbox 680 2530 741 2579; x_wconf 88' lang='lat' dir='ltr'><strong>llom</strong></span> <span class='ocrx_word' id='word_1_250' title='bbox 760 2529 875 2592; x_wconf 84' lang='lat' dir='ltr'><strong>giiltigen</strong></span> <span class='ocrx_word' id='word_1_251' title='bbox 888 2530 1099 2593; x_wconf 80' lang='lat' dir='ltr'><strong>Ansehauongen,</strong></span> <span class='ocrx_word' id='word_1_252' title='bbox 1118 2528 1189 2580; x_wconf 91' lang='lat' dir='ltr'><strong>nicht</strong></span> 
     </span>
     <span class='ocr_line' id='line_1_29' title="bbox 110 2596 1190 2666; baseline 0 -18"><span class='ocrx_word' id='word_1_253' title='bbox 110 2596 624 2666; x_wconf 79' lang='lat' dir='ltr'><strong>captionibus-sunussomib&#39;ore—co&#39;s</strong></span> <span class='ocrx_word' id='word_1_254' title='bbox 678 2613 737 2648; x_wconf 89' lang='lat' dir='ltr'><strong>vom</strong></span> <span class='ocrx_word' id='word_1_255' title='bbox 764 2596 985 2662; x_wconf 82' lang='lat' dir='ltr'><strong>philosophischen</strong></span> <span class='ocrx_word' id='word_1_256' title='bbox 1014 2597 1190 2662; x_wconf 83' lang='lat' dir='ltr'><strong>Stendpnnhte</strong></span> 
     </span>
     <span class='ocr_line' id='line_1_30' title="bbox 110 2662 869 2731; baseline -0.003 -15"><span class='ocrx_word' id='word_1_257' title='bbox 110 2667 233 2728; x_wconf 85' lang='lat' dir='ltr'><strong>bosteeoe,</strong></span> <span class='ocrx_word' id='word_1_258' title='bbox 242 2669 330 2716; x_wconf 79' lang='lat' dir='ltr'><strong>stolus</strong></span> <span class='ocrx_word' id='word_1_259' title='bbox 339 2663 496 2716; x_wconf 82' lang='lat' dir='ltr'><strong>condictusve</strong></span> <span class='ocrx_word' id='word_1_260' title='bbox 504 2662 623 2714; x_wconf 75' lang='lat' dir='ltr'><strong>dirarum</strong></span> <span class='ocrx_word' id='word_1_261' title='bbox 679 2681 724 2717; x_wconf 83' lang='lat' dir='ltr'><strong>eus</strong></span> <span class='ocrx_word' id='word_1_262' title='bbox 737 2666 869 2731; x_wconf 80' lang='lat' dir='ltr'><strong>sprecben.</strong></span> 
     </span>
     <span class='ocr_line' id='line_1_31' title="bbox 109 2731 1187 2794; baseline -0.001 -9"><span class='ocrx_word' id='word_1_263' title='bbox 109 2736 191 2785; x_wconf 81' lang='lat' dir='ltr'><strong>hoste.</strong></span> <span class='ocrx_word' id='word_1_264' title='bbox 714 2731 1187 2794; x_wconf 71' lang='lat' dir='ltr'><strong>11.comCetttbere,mitdeuNunan-</strong></span> 
     </span>
    </p>

    <p class='ocr_par' dir='ltr' id='par_1_5' title="bbox 109 2799 1189 3814">
     <span class='ocr_line' id='line_1_32' title="bbox 148 2799 1096 2867; baseline -0.002 -13"><span class='ocrx_word' id='word_1_265' title='bbox 148 2805 171 2855; x_wconf 94' lang='lat'><strong>1.</strong></span> <span class='ocrx_word' id='word_1_266' title='bbox 194 2804 338 2852; x_wconf 70' lang='lat' dir='ltr'><strong>auctorum</strong></span> <span class='ocrx_word' id='word_1_267' title='bbox 359 2801 394 2851; x_wconf 90' lang='lat' dir='ltr'><strong>ist</strong></span> <span class='ocrx_word' id='word_1_268' title='bbox 417 2801 461 2850; x_wconf 87' lang='lat' dir='ltr'><strong>das</strong></span> <span class='ocrx_word' id='word_1_269' title='bbox 483 2799 624 2851; x_wconf 85' lang='lat' dir='ltr'><strong>rechtlicbe</strong></span> <span class='ocrx_word' id='word_1_270' title='bbox 678 2803 764 2854; x_wconf 82' lang='lat' dir='ltr'><strong>tinere</strong></span> <span class='ocrx_word' id='word_1_271' title='bbox 776 2803 827 2851; x_wconf 89' lang='lat' dir='ltr'><strong>und</strong></span> <span class='ocrx_word' id='word_1_272' title='bbox 840 2801 983 2865; x_wconf 85' lang='lat' dir='ltr'><strong>Viriathus,</strong></span> <span class='ocrx_word' id='word_1_273' title='bbox 995 2801 1015 2852; x_wconf 98' lang='lat' dir='ltr'><strong>ll</strong></span> <span class='ocrx_word' id='word_1_274' title='bbox 1027 2801 1043 2867; x_wconf 59' lang='grc' dir='ltr'><strong>ᾗ</strong></span> <span class='ocrx_word' id='word_1_275' title='bbox 1056 2803 1096 2852; x_wconf 88' lang='grc'><strong>40.</strong></span> 
     </span>
     <span class='ocr_line' id='line_1_33' title="bbox 110 2867 1189 2934; baseline 0 -14"><span class='ocrx_word' id='word_1_276' title='bbox 110 2869 225 2922; x_wconf 81' lang='lat' dir='ltr'><strong>Moment</strong></span> <span class='ocrx_word' id='word_1_277' title='bbox 237 2886 269 2919; x_wconf 84' lang='lat' dir='ltr'><strong>an</strong></span> <span class='ocrx_word' id='word_1_278' title='bbox 279 2868 624 2920; x_wconf 82' lang='lat' dir='ltr'><strong>einemrdmischenllechts-</strong></span> <span class='ocrx_word' id='word_1_279' title='bbox 714 2871 753 2922; x_wconf 86' lang='grc'><strong>14.</strong></span> <span class='ocrx_word' id='word_1_280' title='bbox 759 2867 1009 2931; x_wconf 59' lang='lat' dir='ltr'><strong>Poeni-Hannibal</strong></span> <span class='ocrx_word' id='word_1_281' title='bbox 1016 2870 1189 2934; x_wconf 80' lang='lat' dir='ltr'><strong>dergewdbn-</strong></span> 
     </span>
     <span class='ocr_line' id='line_1_34' title="bbox 109 2934 1187 3003; baseline -0.004 -12"><span class='ocrx_word' id='word_1_282' title='bbox 109 2937 286 2990; x_wconf 76' lang='lat' dir='ltr'><strong>verhhltnisse</strong></span> <span class='ocrx_word' id='word_1_283' title='bbox 300 2937 395 3001; x_wconf 79' lang='lat' dir='ltr'><strong>(Besitz</strong></span> <span class='ocrx_word' id='word_1_284' title='bbox 407 2952 457 2986; x_wconf 89' lang='lat' dir='ltr'><strong>von</strong></span> <span class='ocrx_word' id='word_1_285' title='bbox 471 2934 623 2986; x_wconf 86' lang='lat' dir='ltr'><strong>Gemeinde·</strong></span> <span class='ocrx_word' id='word_1_286' title='bbox 677 2939 744 2988; x_wconf 89' lang='lat' dir='ltr'><strong>liehe</strong></span> <span class='ocrx_word' id='word_1_287' title='bbox 758 2937 884 2989; x_wconf 84' lang='lat' dir='ltr'><strong>Vorwurl</strong></span> <span class='ocrx_word' id='word_1_288' title='bbox 892 2939 939 2988; x_wconf 88' lang='lat' dir='ltr'><strong>der</strong></span> <span class='ocrx_word' id='word_1_289' title='bbox 952 2938 1043 2988; x_wconf 80' lang='lat' dir='ltr'><strong>llbmer</strong></span> <span class='ocrx_word' id='word_1_290' title='bbox 1055 2953 1134 3003; x_wconf 87' lang='lat' dir='ltr'><strong>gegon</strong></span> <span class='ocrx_word' id='word_1_291' title='bbox 1148 2938 1187 2988; x_wconf 88' lang='lat' dir='ltr'><strong>die</strong></span> 
     </span>
     <span class='ocr_line' id='line_1_35' title="bbox 109 3003 1187 3071; baseline 0 -15"><span class='ocrx_word' id='word_1_292' title='bbox 109 3004 623 3071; x_wconf 79' lang='lat' dir='ltr'><strong>land,Grundeigenthum,potestoaete),</strong></span> <span class='ocrx_word' id='word_1_293' title='bbox 678 3003 823 3070; x_wconf 79' lang='lat' dir='ltr'><strong>hiarthager</strong></span> <span class='ocrx_word' id='word_1_294' title='bbox 838 3007 889 3056; x_wconf 89' lang='lat' dir='ltr'><strong>und</strong></span> <span class='ocrx_word' id='word_1_295' title='bbox 908 3006 1035 3056; x_wconf 84' lang='lat' dir='ltr'><strong>Hannibal</strong></span> <span class='ocrx_word' id='word_1_296' title='bbox 1051 3005 1083 3056; x_wconf 98' lang='lat' dir='ltr'><strong>lll</strong></span> <span class='ocrx_word' id='word_1_297' title='bbox 1099 3006 1115 3071; x_wconf 65' lang='grc' dir='ltr'><em>ξ</em></span> <span class='ocrx_word' id='word_1_298' title='bbox 1130 3007 1187 3058; x_wconf 89' lang='lat'>100.</span> 
     </span>
     <span class='ocr_line' id='line_1_36' title="bbox 110 3071 1186 3141; baseline 0 -16"><span class='ocrx_word' id='word_1_299' title='bbox 110 3073 223 3125; x_wconf 86' lang='lat' dir='ltr'><strong>welches</strong></span> <span class='ocrx_word' id='word_1_300' title='bbox 236 3089 268 3124; x_wconf 85' lang='lat' dir='ltr'><strong>an</strong></span> <span class='ocrx_word' id='word_1_301' title='bbox 282 3075 355 3124; x_wconf 89' lang='lat' dir='ltr'><strong>einen</strong></span> <span class='ocrx_word' id='word_1_302' title='bbox 368 3073 459 3123; x_wconf 80' lang='lat' dir='ltr'><strong>lldmer</strong></span> <span class='ocrx_word' id='word_1_303' title='bbox 468 3071 623 3136; x_wconf 84' lang='lat' dir='ltr'><strong>iihertragen</strong></span> <span class='ocrx_word' id='word_1_304' title='bbox 677 3074 764 3125; x_wconf 86' lang='lat' dir='ltr'><strong>deam.</strong></span> <span class='ocrx_word' id='word_1_305' title='bbox 774 3075 799 3134; x_wconf 84' lang='lat'><strong>8,</strong></span> <span class='ocrx_word' id='word_1_306' title='bbox 811 3075 842 3125; x_wconf 77' lang='lat'><strong>28</strong></span> <span class='ocrx_word' id='word_1_307' title='bbox 857 3073 1098 3138; x_wconf 70' lang='lat' dir='ltr'><strong>admomlllonoib.)</strong></span> <span class='ocrx_word' id='word_1_308' title='bbox 1111 3088 1186 3141; x_wconf 83' lang='lat' dir='ltr'><strong>prop·</strong></span> 
     </span>
     <span class='ocr_line' id='line_1_37' title="bbox 111 3138 1188 3208; baseline 0 -16"><span class='ocrx_word' id='word_1_309' title='bbox 111 3143 174 3193; x_wconf 86' lang='lat' dir='ltr'><strong>oder</strong></span> <span class='ocrx_word' id='word_1_310' title='bbox 192 3142 257 3192; x_wconf 88' lang='lat' dir='ltr'><strong>auch</strong></span> <span class='ocrx_word' id='word_1_311' title='bbox 279 3157 328 3192; x_wconf 87' lang='lat' dir='ltr'><strong>von</strong></span> <span class='ocrx_word' id='word_1_312' title='bbox 357 3141 451 3191; x_wconf 86' lang='lat' dir='ltr'><strong>diesem</strong></span> <span class='ocrx_word' id='word_1_313' title='bbox 474 3147 550 3190; x_wconf 87' lang='lat' dir='ltr'><strong>noter</strong></span> <span class='ocrx_word' id='word_1_314' title='bbox 580 3138 624 3190; x_wconf 92' lang='lat' dir='ltr'><strong>be·</strong></span> <span class='ocrx_word' id='word_1_315' title='bbox 679 3147 719 3192; x_wconf 84' lang='lat' dir='ltr'><strong>ter</strong></span> <span class='ocrx_word' id='word_1_316' title='bbox 729 3141 910 3192; x_wconf 81' lang='lat' dir='ltr'><strong>crudelitatem</strong></span> <span class='ocrx_word' id='word_1_317' title='bbox 927 3157 1026 3208; x_wconf 77' lang='lat' dir='ltr'><strong>seraper</strong></span> <span class='ocrx_word' id='word_1_318' title='bbox 1049 3141 1109 3192; x_wconf 82' lang='lat' dir='ltr'><strong>baec</strong></span> <span class='ocrx_word' id='word_1_319' title='bbox 1127 3144 1188 3192; x_wconf 78' lang='lat' dir='ltr'><strong>rioi-</strong></span> 
     </span>
     <span class='ocr_line' id='line_1_38' title="bbox 111 3207 1187 3274; baseline -0.005 -11"><span class='ocrx_word' id='word_1_320' title='bbox 111 3209 547 3274; x_wconf 87' lang='lat' dir='ltr'><strong>stimmtenBedingungenersessen</strong></span> <span class='ocrx_word' id='word_1_321' title='bbox 556 3223 623 3258; x_wconf 87' lang='lat' dir='ltr'><strong>wer·</strong></span> <span class='ocrx_word' id='word_1_322' title='bbox 679 3213 721 3258; x_wconf 84' lang='lat' dir='ltr'><strong>tas</strong></span> <span class='ocrx_word' id='word_1_323' title='bbox 733 3209 823 3260; x_wconf 81' lang='lat' dir='ltr'><strong>oderit.</strong></span> <span class='ocrx_word' id='word_1_324' title='bbox 845 3211 904 3260; x_wconf 90' lang='lat' dir='ltr'><strong>llor.</strong></span> <span class='ocrx_word' id='word_1_325' title='bbox 917 3226 993 3260; x_wconf 82' lang='lat' dir='ltr'><strong>cerm.</strong></span> <span class='ocrx_word' id='word_1_326' title='bbox 1010 3207 1028 3260; x_wconf 96' lang='lat' dir='ltr'><strong>ll</strong></span> <span class='ocrx_word' id='word_1_327' title='bbox 1041 3211 1078 3260; x_wconf 80' lang='lat'><strong>12.</strong></span> <span class='ocrx_word' id='word_1_328' title='bbox 1090 3211 1104 3260; x_wconf 87' lang='lat'><strong>2</strong></span> <span class='ocrx_word' id='word_1_329' title='bbox 1118 3207 1187 3260; x_wconf 81' lang='lat' dir='ltr'><strong>Han-</strong></span> 
     </span>
     <span class='ocr_line' id='line_1_39' title="bbox 112 3275 1188 3341; baseline -0.001 -13"><span class='ocrx_word' id='word_1_330' title='bbox 112 3279 162 3328; x_wconf 89' lang='lat' dir='ltr'><strong>den</strong></span> <span class='ocrx_word' id='word_1_331' title='bbox 175 3277 280 3341; x_wconf 83' lang='lat' dir='ltr'><strong>konnte,</strong></span> <span class='ocrx_word' id='word_1_332' title='bbox 292 3278 414 3328; x_wconf 73' lang='lat' dir='ltr'><strong>wbhrend</strong></span> <span class='ocrx_word' id='word_1_333' title='bbox 425 3277 472 3328; x_wconf 91' lang='lat' dir='ltr'><strong>der</strong></span> <span class='ocrx_word' id='word_1_334' title='bbox 484 3276 624 3339; x_wconf 75' lang='lat' dir='ltr'><strong>Peregrina</strong></span> <span class='ocrx_word' id='word_1_335' title='bbox 678 3275 790 3328; x_wconf 82' lang='lat' dir='ltr'><strong>oibolem</strong></span> <span class='ocrx_word' id='word_1_336' title='bbox 810 3278 906 3330; x_wconf 83' lang='lat' dir='ltr'><strong>dirum.</strong></span> <span class='ocrx_word' id='word_1_337' title='bbox 936 3279 988 3328; x_wconf 88' lang='lat' dir='ltr'><strong>Der</strong></span> <span class='ocrx_word' id='word_1_338' title='bbox 1005 3277 1101 3328; x_wconf 85' lang='lat' dir='ltr'><strong>Zusnta</strong></span> <span class='ocrx_word' id='word_1_339' title='bbox 1119 3278 1188 3328; x_wconf 89' lang='lat' dir='ltr'><strong>steht</strong></span> 
     </span>
     <span class='ocr_line' id='line_1_40' title="bbox 113 3343 1187 3413; baseline -0.004 -15"><span class='ocrx_word' id='word_1_340' title='bbox 113 3349 207 3398; x_wconf 75' lang='lat' dir='ltr'><strong>dassen</strong></span> <span class='ocrx_word' id='word_1_341' title='bbox 230 3343 335 3409; x_wconf 80' lang='lat' dir='ltr'><strong>unldhig</strong></span> <span class='ocrx_word' id='word_1_342' title='bbox 356 3345 437 3396; x_wconf 87' lang='lat' dir='ltr'><strong>selbst</strong></span> <span class='ocrx_word' id='word_1_343' title='bbox 454 3345 495 3395; x_wconf 89' lang='lat' dir='ltr'><strong>hei</strong></span> <span class='ocrx_word' id='word_1_344' title='bbox 513 3345 577 3394; x_wconf 87' lang='lat' dir='ltr'><strong>noch</strong></span> <span class='ocrx_word' id='word_1_345' title='bbox 594 3359 623 3394; x_wconf 90' lang='lat' dir='ltr'><strong>so</strong></span> <span class='ocrx_word' id='word_1_346' title='bbox 678 3346 724 3396; x_wconf 87' lang='lat' dir='ltr'><strong>mit</strong></span> <span class='ocrx_word' id='word_1_347' title='bbox 741 3346 880 3398; x_wconf 79' lang='lat' dir='ltr'><strong>Rheksioht</strong></span> <span class='ocrx_word' id='word_1_348' title='bbox 897 3345 973 3412; x_wconf 59' lang='lat' dir='ltr'><strong>aul}</strong></span> <span class='ocrx_word' id='word_1_349' title='bbox 991 3346 1023 3397; x_wconf 81' lang='lat'><strong>35</strong></span> <span class='ocrx_word' id='word_1_350' title='bbox 1040 3350 1119 3413; x_wconf 79' lang='lat' dir='ltr'><strong>porta</strong></span> <span class='ocrx_word' id='word_1_351' title='bbox 1136 3348 1187 3394; x_wconf 79' lang='lat' dir='ltr'><strong>oic-</strong></span> 
     </span>
     <span class='ocr_line' id='line_1_41' title="bbox 113 3412 1188 3479; baseline -0.003 -15"><span class='ocrx_word' id='word_1_352' title='bbox 113 3416 205 3479; x_wconf 77' lang='lat' dir='ltr'><strong>lsnger</strong></span> <span class='ocrx_word' id='word_1_353' title='bbox 221 3412 382 3476; x_wconf 83' lang='lat' dir='ltr'><strong>lnnebabung</strong></span> <span class='ocrx_word' id='word_1_354' title='bbox 397 3414 461 3463; x_wconf 89' lang='lat' dir='ltr'><strong>doeh</strong></span> <span class='ocrx_word' id='word_1_355' title='bbox 476 3413 522 3463; x_wconf 90' lang='lat' dir='ltr'><strong>den</strong></span> <span class='ocrx_word' id='word_1_356' title='bbox 533 3412 624 3462; x_wconf 85' lang='lat' dir='ltr'><strong>llb&#39;mer</strong></span> <span class='ocrx_word' id='word_1_357' title='bbox 678 3416 748 3464; x_wconf 83' lang='lat' dir='ltr'><strong>toria</strong></span> <span class='ocrx_word' id='word_1_358' title='bbox 760 3415 927 3465; x_wconf 77' lang='lat' dir='ltr'><strong>conservandi</strong></span> <span class='ocrx_word' id='word_1_359' title='bbox 938 3422 1000 3475; x_wconf 67' lang='lat' dir='ltr'><strong>oet,</strong></span> <span class='ocrx_word' id='word_1_360' title='bbox 1018 3414 1109 3464; x_wconf 86' lang='lat' dir='ltr'><strong>umdie</strong></span> <span class='ocrx_word' id='word_1_361' title='bbox 1123 3413 1188 3464; x_wconf 87' lang='lat' dir='ltr'><strong>Ver-</strong></span> 
     </span>
     <span class='ocr_line' id='line_1_42' title="bbox 112 3478 1188 3548; baseline -0.004 -14"><span class='ocrx_word' id='word_1_362' title='bbox 112 3482 154 3534; x_wconf 77' lang='lat' dir='ltr'><strong>als</strong></span> <span class='ocrx_word' id='word_1_363' title='bbox 195 3481 352 3533; x_wconf 83' lang='lat' dir='ltr'><strong>reobtliches</strong></span> <span class='ocrx_word' id='word_1_364' title='bbox 381 3479 485 3542; x_wconf 82' lang='lat' dir='ltr'><strong>Suhjeet</strong></span> <span class='ocrx_word' id='word_1_365' title='bbox 521 3480 623 3531; x_wconf 84' lang='lat' dir='ltr'><strong>beliess.</strong></span> <span class='ocrx_word' id='word_1_366' title='bbox 678 3483 800 3548; x_wconf 87' lang='lat' dir='ltr'><strong>nichtung</strong></span> <span class='ocrx_word' id='word_1_367' title='bbox 817 3479 963 3546; x_wconf 76' lang='lat' dir='ltr'><strong>Karthagos</strong></span> <span class='ocrx_word' id='word_1_368' title='bbox 986 3499 1017 3532; x_wconf 84' lang='lat' dir='ltr'><strong>zu</strong></span> <span class='ocrx_word' id='word_1_369' title='bbox 1038 3478 1188 3533; x_wconf 85' lang='lat' dir='ltr'><strong>rechtlerti-</strong></span> 
     </span>
     <span class='ocr_line' id='line_1_43' title="bbox 113 3548 1189 3613; baseline 0 -13"><span class='ocrx_word' id='word_1_370' title='bbox 113 3549 324 3612; x_wconf 79' lang='lat' dir='ltr'><strong>Diebedeutnng</strong></span> <span class='ocrx_word' id='word_1_371' title='bbox 348 3551 391 3600; x_wconf 89' lang='lat' dir='ltr'><strong>des</strong></span> <span class='ocrx_word' id='word_1_372' title='bbox 416 3548 505 3599; x_wconf 83' lang='lat' dir='ltr'><strong>Setaea</strong></span> <span class='ocrx_word' id='word_1_373' title='bbox 529 3548 564 3598; x_wconf 90' lang='lat' dir='ltr'><strong>ist</strong></span> <span class='ocrx_word' id='word_1_374' title='bbox 581 3564 622 3598; x_wconf 88' lang='lat' dir='ltr'><strong>so·</strong></span> <span class='ocrx_word' id='word_1_375' title='bbox 679 3565 735 3612; x_wconf 81' lang='lat' dir='ltr'><strong>gem</strong></span> <span class='ocrx_word' id='word_1_376' title='bbox 753 3580 786 3588; x_wconf 85' lang='lat'><em>-</em></span> <span class='ocrx_word' id='word_1_377' title='bbox 803 3556 879 3601; x_wconf 82' lang='lat' dir='ltr'><strong>erant</strong></span> <span class='ocrx_word' id='word_1_378' title='bbox 896 3553 930 3602; x_wconf 85' lang='lat' dir='ltr'><strong>ist</strong></span> <span class='ocrx_word' id='word_1_379' title='bbox 952 3551 1113 3613; x_wconf 82' lang='lat' dir='ltr'><strong>ansgelassen</strong></span> <span class='ocrx_word' id='word_1_380' title='bbox 1136 3550 1189 3600; x_wconf 86' lang='lat' dir='ltr'><strong>wie</strong></span> 
     </span>
     <span class='ocr_line' id='line_1_44' title="bbox 115 3616 1118 3685; baseline 0.001 -18"><span class='ocrx_word' id='word_1_381' title='bbox 115 3619 183 3669; x_wconf 83' lang='lat' dir='ltr'><strong>wohl</strong></span> <span class='ocrx_word' id='word_1_382' title='bbox 200 3618 417 3683; x_wconf 86' lang='lat' dir='ltr'><strong>privatrechtlich</strong></span> <span class='ocrx_word' id='word_1_383' title='bbox 438 3618 477 3667; x_wconf 88' lang='lat' dir='ltr'><strong>als</strong></span> <span class='ocrx_word' id='word_1_384' title='bbox 495 3617 624 3682; x_wconf 86' lang='lat' dir='ltr'><strong>politisoh.</strong></span> <span class='ocrx_word' id='word_1_385' title='bbox 678 3617 782 3683; x_wconf 63' lang='lat'>111547</span> <span class='ocrx_word' id='word_1_386' title='bbox 797 3624 857 3669; x_wconf 77' lang='lat' dir='ltr'><strong>root</strong></span> <span class='ocrx_word' id='word_1_387' title='bbox 869 3619 911 3670; x_wconf 88' lang='lat' dir='ltr'><strong>bei</strong></span> <span class='ocrx_word' id='word_1_388' title='bbox 924 3616 967 3668; x_wconf 79' lang='lat' dir='ltr'><strong>illa</strong></span> <span class='ocrx_word' id='word_1_389' title='bbox 977 3623 1118 3685; x_wconf 84' lang='lat' dir='ltr'><strong>praetereo.</strong></span> 
     </span>
     <span class='ocr_line' id='line_1_45' title="bbox 110 3683 1187 3751; baseline -0.006 -13"><span class='ocrx_word' id='word_1_390' title='bbox 110 3685 228 3738; x_wconf 84' lang='lat' dir='ltr'><strong>Niebuhr</strong></span> <span class='ocrx_word' id='word_1_391' title='bbox 249 3684 259 3736; x_wconf 97' lang='lat' dir='ltr'><strong>l</strong></span> <span class='ocrx_word' id='word_1_392' title='bbox 278 3701 302 3751; x_wconf 84' lang='lat' dir='ltr'><strong>p.</strong></span> <span class='ocrx_word' id='word_1_393' title='bbox 316 3685 374 3736; x_wconf 82' lang='lat'><strong>399.</strong></span> <span class='ocrx_word' id='word_1_394' title='bbox 392 3685 488 3735; x_wconf 90' lang='lat' dir='ltr'><strong>Puchta</strong></span> <span class='ocrx_word' id='word_1_395' title='bbox 500 3683 535 3735; x_wconf 79' lang='lat' dir='ltr'><strong>lrl.</strong></span> <span class='ocrx_word' id='word_1_396' title='bbox 550 3684 622 3740; x_wconf 89' lang='lat' dir='ltr'><strong>civil,</strong></span> <span class='ocrx_word' id='word_1_397' title='bbox 715 3689 754 3737; x_wconf 84' lang='lat'><strong>15.</strong></span> <span class='ocrx_word' id='word_1_398' title='bbox 779 3686 837 3738; x_wconf 80' lang='lat' dir='ltr'><strong>illa:</strong></span> <span class='ocrx_word' id='word_1_399' title='bbox 850 3703 896 3737; x_wconf 75' lang='lat' dir='ltr'><strong>aas</strong></span> <span class='ocrx_word' id='word_1_400' title='bbox 908 3687 963 3737; x_wconf 87' lang='lat' dir='ltr'><strong>dem</strong></span> <span class='ocrx_word' id='word_1_401' title='bbox 976 3689 1095 3738; x_wconf 87' lang='lat' dir='ltr'><strong>seohsten</strong></span> <span class='ocrx_word' id='word_1_402' title='bbox 1107 3685 1187 3736; x_wconf 81' lang='lat' dir='ltr'><strong>buche</strong></span> 
     </span>
     <span class='ocr_line' id='line_1_46' title="bbox 110 3753 1030 3814; baseline 0.001 -10"><span class='ocrx_word' id='word_1_403' title='bbox 110 3755 235 3807; x_wconf 80' lang='lat' dir='ltr'><strong>Ahbendl.</strong></span> <span class='ocrx_word' id='word_1_404' title='bbox 249 3753 277 3806; x_wconf 90' lang='lat' dir='ltr'><strong>ll.</strong></span> <span class='ocrx_word' id='word_1_405' title='bbox 454 3805 458 3814; x_wconf 55' lang='lat'><strong>,</strong></span> <span class='ocrx_word' id='word_1_406' title='bbox 679 3755 725 3806; x_wconf 92' lang='lat' dir='ltr'><strong>der</strong></span> <span class='ocrx_word' id='word_1_407' title='bbox 737 3756 854 3806; x_wconf 82' lang='lat' dir='ltr'><strong>Annalen</strong></span> <span class='ocrx_word' id='word_1_408' title='bbox 867 3757 911 3804; x_wconf 85' lang='lat' dir='ltr'><strong>dea</strong></span> <span class='ocrx_word' id='word_1_409' title='bbox 925 3753 1030 3806; x_wconf 82' lang='lat' dir='ltr'><strong>Ennius.</strong></span> 
     </span>
    </p>

    <p class='ocr_par' dir='ltr' id='par_1_6' title="bbox 143 3820 1188 3890">
     <span class='ocr_line' id='line_1_47' title="bbox 143 3820 1188 3890; baseline -0.004 -16"><span class='ocrx_word' id='word_1_410' title='bbox 143 3823 168 3874; x_wconf 81' lang='lat'><strong>2.</strong></span> <span class='ocrx_word' id='word_1_411' title='bbox 183 3820 296 3886; x_wconf 76' lang='lat' dir='ltr'><strong>Quidad</strong></span> <span class='ocrx_word' id='word_1_412' title='bbox 305 3821 536 3872; x_wconf 74' lang='lat' dir='ltr'><strong>hmaosuetzdass</strong></span> <span class='ocrx_word' id='word_1_413' title='bbox 546 3820 625 3878; x_wconf 77' lang='lat' dir='ltr'><strong>heire</strong></span> <span class='ocrx_word' id='word_1_414' title='bbox 717 3824 756 3875; x_wconf 79' lang='lat'><strong>17.</strong></span> <span class='ocrx_word' id='word_1_415' title='bbox 774 3826 943 3890; x_wconf 79' lang='lat' dir='ltr'><strong>cauponantes</strong></span> <span class='ocrx_word' id='word_1_416' title='bbox 955 3821 1058 3875; x_wconf 83' lang='lat' dir='ltr'><strong>bellom:</strong></span> <span class='ocrx_word' id='word_1_417' title='bbox 1074 3822 1188 3876; x_wconf 87' lang='lat' dir='ltr'><strong>Nachah-</strong></span> 
     </span>
    </p>
   </div>
   <div class='ocr_carea' id='block_1_5' title="bbox 0 0 1390 4506">
    <p class='ocr_par' dir='ltr' id='par_1_7' title="bbox 0 0 1390 4506">
     <span class='ocr_line' id='line_1_48' title="bbox 0 0 1390 4506; baseline 0 0"><span class='ocrx_word' id='word_1_418' title='bbox 0 0 1390 4506; x_wconf 95' lang='lat' dir='ltr'><strong> </strong></span> 
     </span>
    </p>
   </div>
  </div>
 </body>
</html>
