<?xml version="1.0" encoding="UTF-8"?>
<!DOCTYPE html PUBLIC "-//W3C//DTD XHTML 1.0 Transitional//EN"
    "http://www.w3.org/TR/xhtml1/DTD/xhtml1-transitional.dtd">
<html xmlns="http://www.w3.org/1999/xhtml" xml:lang="en" lang="en">
 <head>
  <title>
</title>
<meta http-equiv="Content-Type" content="text/html;charset=utf-8" />
  <meta name='ocr-system' content='tesseract 3.04.00' />
  <meta name='ocr-capabilities' content='ocr_page ocr_carea ocr_par ocr_line ocrx_word'/>
</head>
<body>
  <div class='ocr_page' id='page_1' title='image "./deofficiisadmar00heingoog/deofficiisadmar00heingoog_0129.png"; bbox 0 0 2768 4498; ppageno 0'>
   <div class='ocr_carea' id='block_1_1' title="bbox 224 221 1003 294">
    <p class='ocr_par' dir='ltr' id='par_1_1' title="bbox 224 221 1003 294">
     <span class='ocr_line' id='line_1_1' title="bbox 224 221 1003 294; baseline -0.032 1"><span class='ocrx_word' id='word_1_1' title='bbox 224 233 282 294; x_wconf 68' lang='lat'><strong>120</strong></span> <span class='ocrx_word' id='word_1_2' title='bbox 498 227 543 278; x_wconf 61' lang='lat' dir='ltr'><strong>DE,</strong></span> <span class='ocrx_word' id='word_1_3' title='bbox 554 223 691 280; x_wconf 67' lang='lat' dir='ltr'><strong>odeleus</strong></span> <span class='ocrx_word' id='word_1_4' title='bbox 704 223 763 276; x_wconf 79' lang='lat' dir='ltr'><strong>Lllt</strong></span> <span class='ocrx_word' id='word_1_5' title='bbox 777 222 795 273; x_wconf 92' lang='grc' dir='ltr'><strong>Ι.</strong></span> <span class='ocrx_word' id='word_1_6' title='bbox 822 221 898 276; x_wconf 77' lang='lat' dir='ltr'>CAP.</span> <span class='ocrx_word' id='word_1_7' title='bbox 907 222 949 272; x_wconf 85' lang='grc'><strong>44.</strong></span> <span class='ocrx_word' id='word_1_8' title='bbox 961 222 1003 274; x_wconf 81' lang='lat'><strong>45.</strong></span> 
     </span>
    </p>
   </div>
   <div class='ocr_carea' id='block_1_2' title="bbox 154 375 1374 2164">
    <p class='ocr_par' dir='ltr' id='par_1_2' title="bbox 154 375 1374 2164">
     <span class='ocr_line' id='line_1_2' title="bbox 220 375 1374 463; baseline -0.01 -17"><span class='ocrx_word' id='word_1_9' title='bbox 220 394 285 448; x_wconf 87' lang='lat' dir='ltr'><strong>tum</strong></span> <span class='ocrx_word' id='word_1_10' title='bbox 301 384 414 463; x_wconf 72' lang='lat' dir='ltr'><strong>optimo</strong></span> <span class='ocrx_word' id='word_1_11' title='bbox 430 381 558 461; x_wconf 85' lang='lat' dir='ltr'><strong>quisque</strong></span> <span class='ocrx_word' id='word_1_12' title='bbox 572 378 692 459; x_wconf 87' lang='lat' dir='ltr'><strong>ingenio</strong></span> <span class='ocrx_word' id='word_1_13' title='bbox 709 376 838 456; x_wconf 87' lang='lat' dir='ltr'><strong>negotiis</strong></span> <span class='ocrx_word' id='word_1_14' title='bbox 849 375 992 440; x_wconf 85' lang='lat' dir='ltr'><strong>omnibus</strong></span> <span class='ocrx_word' id='word_1_15' title='bbox 1004 376 1126 438; x_wconf 87' lang='lat' dir='ltr'><strong>omissis</strong></span> <span class='ocrx_word' id='word_1_16' title='bbox 1143 384 1249 438; x_wconf 86' lang='lat' dir='ltr'><strong>totunu</strong></span> <span class='ocrx_word' id='word_1_17' title='bbox 1259 394 1286 438; x_wconf 89' lang='lat' dir='ltr'><strong>se</strong></span> <span class='ocrx_word' id='word_1_18' title='bbox 1373 399 1374 426; x_wconf 60' lang='lat' dir='ltr'><strong>i</strong></span> 
     </span>
     <span class='ocr_line' id='line_1_3' title="bbox 220 459 1287 548; baseline -0.011 -17"><span class='ocrx_word' id='word_1_19' title='bbox 220 471 252 534; x_wconf 91' lang='lat' dir='ltr'><strong>in</strong></span> <span class='ocrx_word' id='word_1_20' title='bbox 268 468 437 548; x_wconf 72' lang='lat' dir='ltr'><strong>cognitione</strong></span> <span class='ocrx_word' id='word_1_21' title='bbox 453 475 483 528; x_wconf 83' lang='lat' dir='ltr'><strong>et</strong></span> <span class='ocrx_word' id='word_1_22' title='bbox 498 465 623 528; x_wconf 81' lang='lat' dir='ltr'><strong>seientia</strong></span> <span class='ocrx_word' id='word_1_23' title='bbox 638 464 802 526; x_wconf 68' lang='lat' dir='ltr'><strong>collocaret.</strong></span> <span class='ocrx_word' id='word_1_24' title='bbox 826 461 894 524; x_wconf 85' lang='lat' dir='ltr'><strong>Non</strong></span> <span class='ocrx_word' id='word_1_25' title='bbox 909 470 960 522; x_wconf 88' lang='lat' dir='ltr'><strong>est</strong></span> <span class='ocrx_word' id='word_1_26' title='bbox 971 461 1019 522; x_wconf 80' lang='lat' dir='ltr'><strong>ita</strong></span> <span class='ocrx_word' id='word_1_27' title='bbox 1048 461 1127 524; x_wconf 84' lang='lat' dir='ltr'><strong>Nam</strong></span> <span class='ocrx_word' id='word_1_28' title='bbox 1141 469 1172 524; x_wconf 87' lang='lat' dir='ltr'><strong>et</strong></span> <span class='ocrx_word' id='word_1_29' title='bbox 1185 459 1287 524; x_wconf 86' lang='lat' dir='ltr'><strong>solitu-</strong></span> 
     </span>
     <span class='ocr_line' id='line_1_4' title="bbox 221 545 1288 630; baseline -0.011 -13"><span class='ocrx_word' id='word_1_30' title='bbox 221 556 324 618; x_wconf 84' lang='lat' dir='ltr'><strong>dinem</strong></span> <span class='ocrx_word' id='word_1_31' title='bbox 338 557 453 630; x_wconf 82' lang='lat' dir='ltr'><strong>lugeret</strong></span> <span class='ocrx_word' id='word_1_32' title='bbox 469 559 499 614; x_wconf 89' lang='lat' dir='ltr'><strong>et</strong></span> <span class='ocrx_word' id='word_1_33' title='bbox 513 551 630 613; x_wconf 85' lang='lat' dir='ltr'><strong>socium</strong></span> <span class='ocrx_word' id='word_1_34' title='bbox 644 549 734 612; x_wconf 84' lang='lat' dir='ltr'><strong>studii</strong></span> <span class='ocrx_word' id='word_1_35' title='bbox 749 554 921 626; x_wconf 77' lang='lat' dir='ltr'><strong>quaereret,</strong></span> <span class='ocrx_word' id='word_1_36' title='bbox 942 554 1008 610; x_wconf 88' lang='lat' dir='ltr'><strong>tum</strong></span> <span class='ocrx_word' id='word_1_37' title='bbox 1034 547 1142 608; x_wconf 77' lang='lat' dir='ltr'><strong>doeens</strong></span> <span class='ocrx_word' id='word_1_38' title='bbox 1167 556 1232 608; x_wconf 88' lang='lat' dir='ltr'><strong>tum</strong></span> <span class='ocrx_word' id='word_1_39' title='bbox 1248 545 1288 606; x_wconf 89' lang='lat' dir='ltr'><strong>di-</strong></span> 
     </span>
     <span class='ocr_line' id='line_1_5' title="bbox 222 629 1288 710; baseline -0.012 -8"><span class='ocrx_word' id='word_1_40' title='bbox 222 658 305 702; x_wconf 84' lang='lat' dir='ltr'><strong>soese</strong></span> <span class='ocrx_word' id='word_1_41' title='bbox 321 639 418 710; x_wconf 87' lang='lat' dir='ltr'><strong>vellet,</strong></span> <span class='ocrx_word' id='word_1_42' title='bbox 434 646 499 700; x_wconf 87' lang='lat' dir='ltr'><strong>tum</strong></span> <span class='ocrx_word' id='word_1_43' title='bbox 514 635 696 698; x_wconf 75' lang='lat' dir='ltr'><strong>audientum</strong></span> <span class='ocrx_word' id='word_1_44' title='bbox 712 633 820 696; x_wconf 83' lang='lat' dir='ltr'><strong>dicero.</strong></span> <span class='ocrx_word' id='word_1_45' title='bbox 854 631 934 710; x_wconf 84' lang='lat' dir='ltr'><strong>Ergo</strong></span> <span class='ocrx_word' id='word_1_46' title='bbox 948 650 1038 694; x_wconf 88' lang='lat' dir='ltr'><strong>omne</strong></span> <span class='ocrx_word' id='word_1_47' title='bbox 1053 632 1202 704; x_wconf 62' lang='lat' dir='ltr'><strong>offitium,</strong></span> <span class='ocrx_word' id='word_1_48' title='bbox 1215 629 1288 709; x_wconf 82' lang='lat' dir='ltr'><strong>quod</strong></span> 
     </span>
     <span class='ocr_line' id='line_1_6' title="bbox 222 717 1316 788; baseline -0.015 -2"><span class='ocrx_word' id='word_1_49' title='bbox 222 725 259 786; x_wconf 88' lang='lat' dir='ltr'><strong>ad</strong></span> <span class='ocrx_word' id='word_1_50' title='bbox 269 723 514 786; x_wconf 84' lang='lat' dir='ltr'><strong>ooniunetionem</strong></span> <span class='ocrx_word' id='word_1_51' title='bbox 526 721 686 784; x_wconf 80' lang='lat' dir='ltr'><strong>hominum</strong></span> <span class='ocrx_word' id='word_1_52' title='bbox 697 727 726 781; x_wconf 87' lang='lat' dir='ltr'><strong>et</strong></span> <span class='ocrx_word' id='word_1_53' title='bbox 738 719 774 780; x_wconf 86' lang='lat' dir='ltr'><strong>ad</strong></span> <span class='ocrx_word' id='word_1_54' title='bbox 788 717 957 782; x_wconf 78' lang='lat' dir='ltr'><strong>societatem</strong></span> <span class='ocrx_word' id='word_1_55' title='bbox 963 717 1106 780; x_wconf 83' lang='lat' dir='ltr'><strong>tuendam</strong></span> <span class='ocrx_word' id='word_1_56' title='bbox 1115 717 1202 788; x_wconf 82' lang='lat' dir='ltr'><strong>ualet,</strong></span> <span class='ocrx_word' id='word_1_57' title='bbox 1210 723 1289 776; x_wconf 75' lang='lat' dir='ltr'><strong>anm·</strong></span> <span class='ocrx_word' id='word_1_58' title='bbox 1305 723 1316 770; x_wconf 81' lang='lat' dir='ltr'><strong>s</strong></span> 
     </span>
     <span class='ocr_line' id='line_1_7' title="bbox 221 802 1288 890; baseline -0.01 -18"><span class='ocrx_word' id='word_1_59' title='bbox 221 811 396 890; x_wconf 83' lang='lat' dir='ltr'><strong>ponendum</strong></span> <span class='ocrx_word' id='word_1_60' title='bbox 413 815 458 870; x_wconf 85' lang='lat' dir='ltr'><strong>est</strong></span> <span class='ocrx_word' id='word_1_61' title='bbox 474 807 514 868; x_wconf 93' lang='lat' dir='ltr'><strong>illi</strong></span> <span class='ocrx_word' id='word_1_62' title='bbox 531 805 640 876; x_wconf 70' lang='lat' dir='ltr'><strong>offitio,</strong></span> <span class='ocrx_word' id='word_1_63' title='bbox 656 804 735 884; x_wconf 86' lang='lat' dir='ltr'><strong>quod</strong></span> <span class='ocrx_word' id='word_1_64' title='bbox 750 802 922 881; x_wconf 78' lang='lat' dir='ltr'>cognitione</span> <span class='ocrx_word' id='word_1_65' title='bbox 939 812 968 864; x_wconf 88' lang='lat' dir='ltr'><strong>et</strong></span> <span class='ocrx_word' id='word_1_66' title='bbox 980 802 1288 866; x_wconf 77' lang='lat' dir='ltr'><strong>seientiaoontinetur.</strong></span> 
     </span>
     <span class='ocr_line' id='line_1_8' title="bbox 166 883 1289 971; baseline -0.01 -15"><span class='ocrx_word' id='word_1_67' title='bbox 166 883 205 950; x_wconf 67' lang='grc'><strong>45</strong></span> <span class='ocrx_word' id='word_1_68' title='bbox 304 895 379 956; x_wconf 89' lang='lat' dir='ltr'><strong>Illud</strong></span> <span class='ocrx_word' id='word_1_69' title='bbox 394 894 520 956; x_wconf 74' lang='lat' dir='ltr'><strong>forsitan</strong></span> <span class='ocrx_word' id='word_1_70' title='bbox 535 891 742 971; x_wconf 80' lang='lat' dir='ltr'><strong>quaerendum</strong></span> <span class='ocrx_word' id='word_1_71' title='bbox 757 889 803 961; x_wconf 81' lang='lat' dir='ltr'><strong>sit,</strong></span> <span class='ocrx_word' id='word_1_72' title='bbox 819 907 895 950; x_wconf 86' lang='lat' dir='ltr'><strong>uum</strong></span> <span class='ocrx_word' id='word_1_73' title='bbox 905 888 979 950; x_wconf 67' lang='lat' dir='ltr'><strong>mee</strong></span> <span class='ocrx_word' id='word_1_74' title='bbox 990 887 1205 957; x_wconf 76' lang='lat' dir='ltr'><strong>communitas,</strong></span> <span class='ocrx_word' id='word_1_75' title='bbox 1220 904 1289 965; x_wconf 80' lang='lat' dir='ltr'><strong>quse</strong></span> 
     </span>
     <span class='ocr_line' id='line_1_9' title="bbox 155 973 1288 1058; baseline -0.01 -15"><span class='ocrx_word' id='word_1_76' title='bbox 155 982 203 1032; x_wconf 80' lang='lat'><strong>159</strong></span> <span class='ocrx_word' id='word_1_77' title='bbox 223 979 349 1044; x_wconf 86' lang='lat' dir='ltr'><strong>maxime</strong></span> <span class='ocrx_word' id='word_1_78' title='bbox 364 988 410 1041; x_wconf 89' lang='lat' dir='ltr'><strong>est</strong></span> <span class='ocrx_word' id='word_1_79' title='bbox 429 986 496 1058; x_wconf 81' lang='lat' dir='ltr'><strong>apta</strong></span> <span class='ocrx_word' id='word_1_80' title='bbox 516 983 650 1046; x_wconf 83' lang='lat' dir='ltr'><strong>naturae,</strong></span> <span class='ocrx_word' id='word_1_81' title='bbox 673 976 712 1036; x_wconf 89' lang='lat' dir='ltr'><strong>sit</strong></span> <span class='ocrx_word' id='word_1_82' title='bbox 733 974 826 1036; x_wconf 86' lang='lat' dir='ltr'><strong>etium</strong></span> <span class='ocrx_word' id='word_1_83' title='bbox 848 973 1045 1034; x_wconf 77' lang='lat' dir='ltr'><strong>moderationi</strong></span> <span class='ocrx_word' id='word_1_84' title='bbox 1067 973 1288 1051; x_wconf 65' lang='lat' dir='ltr'><strong>modestiaeque</strong></span> 
     </span>
     <span class='ocr_line' id='line_1_10' title="bbox 222 1057 1289 1144; baseline -0.009 -18"><span class='ocrx_word' id='word_1_85' title='bbox 222 1085 341 1144; x_wconf 81' lang='lat' dir='ltr'><strong>semper</strong></span> <span class='ocrx_word' id='word_1_86' title='bbox 356 1063 575 1143; x_wconf 86' lang='lat' dir='ltr'><strong>anteponenda.</strong></span> <span class='ocrx_word' id='word_1_87' title='bbox 605 1061 673 1122; x_wconf 88' lang='lat' dir='ltr'><strong>Non</strong></span> <span class='ocrx_word' id='word_1_88' title='bbox 689 1061 793 1139; x_wconf 80' lang='lat' dir='ltr'><strong>pluent.</strong></span> <span class='ocrx_word' id='word_1_89' title='bbox 832 1059 910 1118; x_wconf 83' lang='lat' dir='ltr'>Sunt</span> <span class='ocrx_word' id='word_1_90' title='bbox 925 1059 1007 1120; x_wconf 88' lang='lat' dir='ltr'><strong>enim</strong></span> <span class='ocrx_word' id='word_1_91' title='bbox 1022 1059 1169 1137; x_wconf 80' lang='lat' dir='ltr'><strong>quaedam</strong></span> <span class='ocrx_word' id='word_1_92' title='bbox 1185 1057 1289 1138; x_wconf 83' lang='lat' dir='ltr'><strong>partim</strong></span> 
     </span>
     <span class='ocr_line' id='line_1_11' title="bbox 221 1143 1331 1229; baseline -0.015 -17"><span class='ocrx_word' id='word_1_93' title='bbox 221 1152 261 1212; x_wconf 86' lang='lat' dir='ltr'><strong>ita</strong></span> <span class='ocrx_word' id='word_1_94' title='bbox 276 1151 376 1224; x_wconf 80' lang='lat' dir='ltr'><strong>foeda,</strong></span> <span class='ocrx_word' id='word_1_95' title='bbox 401 1149 511 1229; x_wconf 69' lang='lat' dir='ltr'><strong>partim</strong></span> <span class='ocrx_word' id='word_1_96' title='bbox 533 1149 574 1209; x_wconf 85' lang='lat' dir='ltr'><strong>ita</strong></span> <span class='ocrx_word' id='word_1_97' title='bbox 597 1146 754 1228; x_wconf 85' lang='lat' dir='ltr'><strong>flagitiosa,</strong></span> <span class='ocrx_word' id='word_1_98' title='bbox 777 1153 812 1204; x_wconf 89' lang='lat' dir='ltr'><strong>ut</strong></span> <span class='ocrx_word' id='word_1_99' title='bbox 832 1163 865 1205; x_wconf 86' lang='lat' dir='ltr'><strong>ea</strong></span> <span class='ocrx_word' id='word_1_100' title='bbox 880 1163 920 1204; x_wconf 92' lang='lat' dir='ltr'><strong>ne</strong></span> <span class='ocrx_word' id='word_1_101' title='bbox 935 1145 1159 1205; x_wconf 81' lang='lat' dir='ltr'><strong>conservandae</strong></span> <span class='ocrx_word' id='word_1_102' title='bbox 1174 1143 1290 1223; x_wconf 85' lang='lat' dir='ltr'><strong>quidem</strong></span> <span class='ocrx_word' id='word_1_103' title='bbox 1309 1147 1331 1198; x_wconf 86' lang='lat' dir='ltr'><strong>n</strong></span> 
     </span>
     <span class='ocr_line' id='line_1_12' title="bbox 221 1228 1290 1316; baseline -0.008 -18"><span class='ocrx_word' id='word_1_104' title='bbox 221 1237 331 1316; x_wconf 78' lang='lat' dir='ltr'>patriae</span> <span class='ocrx_word' id='word_1_105' title='bbox 354 1255 441 1298; x_wconf 85' lang='lat' dir='ltr'><strong>eausa</strong></span> <span class='ocrx_word' id='word_1_106' title='bbox 463 1233 586 1312; x_wconf 81' lang='lat' dir='ltr'><strong>sapiens</strong></span> <span class='ocrx_word' id='word_1_107' title='bbox 599 1231 732 1294; x_wconf 74' lang='lat' dir='ltr'><strong>facturus</strong></span> <span class='ocrx_word' id='word_1_108' title='bbox 756 1230 803 1290; x_wconf 81' lang='lat' dir='ltr'><strong>sit</strong></span> <span class='ocrx_word' id='word_1_109' title='bbox 831 1229 871 1290; x_wconf 80' lang='lat' dir='ltr'><strong>lla</strong></span> <span class='ocrx_word' id='word_1_110' title='bbox 887 1228 1068 1290; x_wconf 75' lang='lat' dir='ltr'><strong>Posidonius</strong></span> <span class='ocrx_word' id='word_1_111' title='bbox 1088 1229 1207 1308; x_wconf 75' lang='lat' dir='ltr'><strong>collegit</strong></span> <span class='ocrx_word' id='word_1_112' title='bbox 1225 1245 1290 1308; x_wconf 79' lang='lat' dir='ltr'><strong>per-</strong></span> 
     </span>
     <span class='ocr_line' id='line_1_13' title="bbox 222 1311 1291 1396; baseline -0.009 -14"><span class='ocrx_word' id='word_1_113' title='bbox 222 1322 324 1390; x_wconf 85' lang='lat' dir='ltr'><strong>multa,</strong></span> <span class='ocrx_word' id='word_1_114' title='bbox 340 1322 393 1382; x_wconf 86' lang='lat' dir='ltr'><strong>sod</strong></span> <span class='ocrx_word' id='word_1_115' title='bbox 406 1320 447 1384; x_wconf 87' lang='lat' dir='ltr'><strong>ita</strong></span> <span class='ocrx_word' id='word_1_116' title='bbox 460 1326 556 1382; x_wconf 87' lang='lat' dir='ltr'><strong>taetra</strong></span> <span class='ocrx_word' id='word_1_117' title='bbox 571 1317 729 1396; x_wconf 78' lang='lat' dir='ltr'><strong>quaedam,</strong></span> <span class='ocrx_word' id='word_1_118' title='bbox 750 1315 792 1376; x_wconf 86' lang='lat' dir='ltr'><strong>ita</strong></span> <span class='ocrx_word' id='word_1_119' title='bbox 806 1314 942 1384; x_wconf 78' lang='lat' dir='ltr'><strong>obscena,</strong></span> <span class='ocrx_word' id='word_1_120' title='bbox 967 1322 1001 1376; x_wconf 84' lang='lat' dir='ltr'><strong>ul</strong></span> <span class='ocrx_word' id='word_1_121' title='bbox 1016 1315 1099 1375; x_wconf 80' lang='lat' dir='ltr'><strong>dioto</strong></span> <span class='ocrx_word' id='word_1_122' title='bbox 1114 1334 1238 1394; x_wconf 84' lang='lat' dir='ltr'><strong>quoque</strong></span> <span class='ocrx_word' id='word_1_123' title='bbox 1250 1311 1291 1372; x_wconf 78' lang='lat' dir='ltr'><strong>vi-</strong></span> 
     </span>
     <span class='ocr_line' id='line_1_14' title="bbox 223 1399 1292 1484; baseline -0.007 -18"><span class='ocrx_word' id='word_1_124' title='bbox 223 1407 349 1468; x_wconf 75' lang='lat' dir='ltr'><strong>deantur</strong></span> <span class='ocrx_word' id='word_1_125' title='bbox 364 1405 471 1484; x_wconf 80' lang='lat' dir='ltr'><strong>turpia.</strong></span> <span class='ocrx_word' id='word_1_126' title='bbox 501 1403 578 1464; x_wconf 86' lang='lat' dir='ltr'><strong>Haeo</strong></span> <span class='ocrx_word' id='word_1_127' title='bbox 592 1402 682 1481; x_wconf 82' lang='lat' dir='ltr'><strong>igitur</strong></span> <span class='ocrx_word' id='word_1_128' title='bbox 697 1419 759 1462; x_wconf 87' lang='lat' dir='ltr'><strong>non</strong></span> <span class='ocrx_word' id='word_1_129' title='bbox 774 1399 917 1478; x_wconf 85' lang='lat' dir='ltr'><strong>suscipiet</strong></span> <span class='ocrx_word' id='word_1_130' title='bbox 928 1399 973 1461; x_wconf 86' lang='lat' dir='ltr'><strong>rei</strong></span> <span class='ocrx_word' id='word_1_131' title='bbox 987 1400 1122 1478; x_wconf 78' lang='lat' dir='ltr'><strong>publicae</strong></span> <span class='ocrx_word' id='word_1_132' title='bbox 1138 1419 1244 1471; x_wconf 63' lang='lat' dir='ltr'><strong>eausam</strong></span> <span class='ocrx_word' id='word_1_133' title='bbox 1256 1416 1292 1460; x_wconf 91' lang='lat' dir='ltr'><strong>ne</strong></span> 
     </span>
     <span class='ocr_line' id='line_1_15' title="bbox 221 1484 1292 1568; baseline -0.007 -18"><span class='ocrx_word' id='word_1_134' title='bbox 221 1509 270 1551; x_wconf 83' lang='lat' dir='ltr'><strong>res</strong></span> <span class='ocrx_word' id='word_1_135' title='bbox 286 1490 402 1568; x_wconf 86' lang='lat' dir='ltr'><strong>publica</strong></span> <span class='ocrx_word' id='word_1_136' title='bbox 418 1489 539 1568; x_wconf 83' lang='lat' dir='ltr'><strong>quidem</strong></span> <span class='ocrx_word' id='word_1_137' title='bbox 554 1507 609 1567; x_wconf 84' lang='lat' dir='ltr'><strong>pro</strong></span> <span class='ocrx_word' id='word_1_138' title='bbox 625 1507 658 1548; x_wconf 90' lang='lat' dir='ltr'><strong>se</strong></span> <span class='ocrx_word' id='word_1_139' title='bbox 673 1485 786 1564; x_wconf 85' lang='lat' dir='ltr'><strong>suseipi</strong></span> <span class='ocrx_word' id='word_1_140' title='bbox 800 1487 887 1546; x_wconf 87' lang='lat' dir='ltr'><strong>volet.</strong></span> <span class='ocrx_word' id='word_1_141' title='bbox 911 1485 971 1546; x_wconf 89' lang='lat' dir='ltr'><strong>Sed</strong></span> <span class='ocrx_word' id='word_1_142' title='bbox 987 1486 1043 1546; x_wconf 92' lang='lat' dir='ltr'><strong>hoo</strong></span> <span class='ocrx_word' id='word_1_143' title='bbox 1059 1484 1246 1548; x_wconf 84' lang='lat' dir='ltr'><strong>eommodiuo</strong></span> <span class='ocrx_word' id='word_1_144' title='bbox 1260 1501 1292 1544; x_wconf 87' lang='lat' dir='ltr'><strong>se</strong></span> 
     </span>
     <span class='ocr_line' id='line_1_16' title="bbox 221 1569 1332 1654; baseline -0.007 -19"><span class='ocrx_word' id='word_1_145' title='bbox 221 1593 269 1636; x_wconf 88' lang='lat' dir='ltr'><strong>res</strong></span> <span class='ocrx_word' id='word_1_146' title='bbox 285 1575 384 1648; x_wconf 80' lang='lat' dir='ltr'><strong>hahet,</strong></span> <span class='ocrx_word' id='word_1_147' title='bbox 408 1574 487 1654; x_wconf 89' lang='lat' dir='ltr'><strong>quod</strong></span> <span class='ocrx_word' id='word_1_148' title='bbox 505 1593 566 1634; x_wconf 78' lang='lat' dir='ltr'><strong>noio</strong></span> <span class='ocrx_word' id='word_1_149' title='bbox 582 1580 682 1651; x_wconf 85' lang='lat' dir='ltr'><strong>potest</strong></span> <span class='ocrx_word' id='word_1_150' title='bbox 697 1571 826 1633; x_wconf 84' lang='lat' dir='ltr'><strong>accidere</strong></span> <span class='ocrx_word' id='word_1_151' title='bbox 842 1580 970 1649; x_wconf 81' lang='lat' dir='ltr'><strong>tempus,</strong></span> <span class='ocrx_word' id='word_1_152' title='bbox 997 1578 1032 1631; x_wconf 90' lang='lat' dir='ltr'><strong>ut</strong></span> <span class='ocrx_word' id='word_1_153' title='bbox 1046 1570 1165 1632; x_wconf 88' lang='lat' dir='ltr'><strong>intersit</strong></span> <span class='ocrx_word' id='word_1_154' title='bbox 1180 1569 1224 1631; x_wconf 83' lang='lat' dir='ltr'><strong>rei</strong></span> <span class='ocrx_word' id='word_1_155' title='bbox 1238 1588 1293 1648; x_wconf 90' lang='lat' dir='ltr'><strong>pu·</strong></span> <span class='ocrx_word' id='word_1_156' title='bbox 1312 1579 1332 1628; x_wconf 70' lang='lat'><strong>15</strong></span> 
     </span>
     <span class='ocr_line' id='line_1_17' title="bbox 154 1656 1291 1740; baseline -0.004 -22"><span class='ocrx_word' id='word_1_157' title='bbox 154 1667 202 1718; x_wconf 81' lang='lat' dir='ltr'><strong>loo</strong></span> <span class='ocrx_word' id='word_1_158' title='bbox 220 1659 314 1722; x_wconf 88' lang='lat' dir='ltr'><strong>blieae</strong></span> <span class='ocrx_word' id='word_1_159' title='bbox 329 1661 488 1740; x_wconf 87' lang='lat' dir='ltr'><strong>quiequam</strong></span> <span class='ocrx_word' id='word_1_160' title='bbox 502 1659 621 1720; x_wconf 84' lang='lat' dir='ltr'><strong>illorum</strong></span> <span class='ocrx_word' id='word_1_161' title='bbox 642 1659 736 1718; x_wconf 82' lang='lat' dir='ltr'><strong>faeere</strong></span> <span class='ocrx_word' id='word_1_162' title='bbox 758 1656 934 1738; x_wconf 80' lang='lat' dir='ltr'><strong>sapientem.</strong></span> <span class='ocrx_word' id='word_1_163' title='bbox 978 1657 1075 1729; x_wconf 81' lang='lat' dir='ltr'><strong>Quare</strong></span> <span class='ocrx_word' id='word_1_164' title='bbox 1096 1657 1153 1716; x_wconf 87' lang='lat' dir='ltr'><strong>hoe</strong></span> <span class='ocrx_word' id='word_1_165' title='bbox 1173 1656 1291 1736; x_wconf 86' lang='lat' dir='ltr'><strong>quidem</strong></span> 
     </span>
     <span class='ocr_line' id='line_1_18' title="bbox 220 1740 1291 1822; baseline -0.001 -16"><span class='ocrx_word' id='word_1_166' title='bbox 220 1747 357 1808; x_wconf 81' lang='lat' dir='ltr'><strong>effoetum</strong></span> <span class='ocrx_word' id='word_1_167' title='bbox 373 1754 427 1818; x_wconf 89' lang='lat' dir='ltr'><strong>est,</strong></span> <span class='ocrx_word' id='word_1_168' title='bbox 450 1745 481 1806; x_wconf 91' lang='lat' dir='ltr'><strong>in</strong></span> <span class='ocrx_word' id='word_1_169' title='bbox 498 1743 605 1806; x_wconf 82' lang='lat' dir='ltr'><strong>officiis</strong></span> <span class='ocrx_word' id='word_1_170' title='bbox 621 1741 783 1822; x_wconf 85' lang='lat' dir='ltr'><strong>deligendis</strong></span> <span class='ocrx_word' id='word_1_171' title='bbox 797 1741 827 1804; x_wconf 83' lang='lat' dir='ltr'><strong>ld</strong></span> <span class='ocrx_word' id='word_1_172' title='bbox 842 1759 937 1820; x_wconf 87' lang='lat' dir='ltr'><strong>genus</strong></span> <span class='ocrx_word' id='word_1_173' title='bbox 954 1740 1123 1804; x_wconf 82' lang='lat' dir='ltr'><strong>officiorum</strong></span> <span class='ocrx_word' id='word_1_174' title='bbox 1140 1741 1291 1806; x_wconf 71' lang='lat' dir='ltr'><strong>excellere,</strong></span> 
     </span>
     <span class='ocr_line' id='line_1_19' title="bbox 220 1823 1291 1910; baseline -0.003 -20"><span class='ocrx_word' id='word_1_175' title='bbox 220 1831 299 1910; x_wconf 90' lang='lat' dir='ltr'><strong>quod</strong></span> <span class='ocrx_word' id='word_1_176' title='bbox 312 1840 450 1892; x_wconf 83' lang='lat' dir='ltr'><strong>teneatur</strong></span> <span class='ocrx_word' id='word_1_177' title='bbox 460 1831 619 1894; x_wconf 87' lang='lat' dir='ltr'><strong>hominum</strong></span> <span class='ocrx_word' id='word_1_178' title='bbox 632 1830 784 1890; x_wconf 88' lang='lat' dir='ltr'><strong>sooietate.</strong></span> <span class='ocrx_word' id='word_1_179' title='bbox 802 1823 937 1908; x_wconf 86' lang='lat' dir='ltr'><strong>[Etenim</strong></span> <span class='ocrx_word' id='word_1_180' title='bbox 947 1826 1151 1904; x_wconf 80' lang='lat' dir='ltr'><strong>cognitionem</strong></span> <span class='ocrx_word' id='word_1_181' title='bbox 1160 1827 1291 1906; x_wconf 84' lang='lat' dir='ltr'><strong>pruden-</strong></span> 
     </span>
     <span class='ocr_line' id='line_1_20' title="bbox 218 1912 1290 1996; baseline -0.005 -20"><span class='ocrx_word' id='word_1_182' title='bbox 218 1917 349 1996; x_wconf 85' lang='lat' dir='ltr'><strong>tiamque</strong></span> <span class='ocrx_word' id='word_1_183' title='bbox 365 1924 508 1995; x_wconf 83' lang='lat' dir='ltr'><strong>sequetur</strong></span> <span class='ocrx_word' id='word_1_184' title='bbox 524 1915 708 1976; x_wconf 82' lang='lat' dir='ltr'><strong>considerata</strong></span> <span class='ocrx_word' id='word_1_185' title='bbox 728 1912 815 1973; x_wconf 89' lang='lat' dir='ltr'><strong>aetio.</strong></span> <span class='ocrx_word' id='word_1_186' title='bbox 839 1913 882 1973; x_wconf 84' lang='lat' dir='ltr'><strong>lta</strong></span> <span class='ocrx_word' id='word_1_187' title='bbox 896 1913 930 1972; x_wconf 86' lang='lat' dir='ltr'><strong>fit</strong></span> <span class='ocrx_word' id='word_1_188' title='bbox 945 1920 979 1972; x_wconf 88' lang='lat' dir='ltr'><strong>ut</strong></span> <span class='ocrx_word' id='word_1_189' title='bbox 1001 1931 1086 1990; x_wconf 80' lang='lat' dir='ltr'><strong>agene</strong></span> <span class='ocrx_word' id='word_1_190' title='bbox 1108 1912 1290 1974; x_wconf 80' lang='lat' dir='ltr'><strong>considerate</strong></span> 
     </span>
     <span class='ocr_line' id='line_1_21' title="bbox 218 1996 1331 2082; baseline -0.005 -20"><span class='ocrx_word' id='word_1_191' title='bbox 218 2002 312 2081; x_wconf 82' lang='lat' dir='ltr'><strong>pluris</strong></span> <span class='ocrx_word' id='word_1_192' title='bbox 336 2003 374 2062; x_wconf 90' lang='lat' dir='ltr'><strong>sit</strong></span> <span class='ocrx_word' id='word_1_193' title='bbox 396 2019 487 2082; x_wconf 87' lang='lat' dir='ltr'><strong>quam</strong></span> <span class='ocrx_word' id='word_1_194' title='bbox 510 2001 640 2078; x_wconf 77' lang='lat' dir='ltr'><strong>cogitare</strong></span> <span class='ocrx_word' id='word_1_195' title='bbox 663 1999 846 2080; x_wconf 71' lang='lat' dir='ltr'><strong>prudentes]</strong></span> <span class='ocrx_word' id='word_1_196' title='bbox 883 1998 979 2078; x_wconf 77' lang='lat' dir='ltr'><strong>Atque</strong></span> <span class='ocrx_word' id='word_1_197' title='bbox 996 1998 1069 2057; x_wconf 87' lang='lat' dir='ltr'><strong>haee</strong></span> <span class='ocrx_word' id='word_1_198' title='bbox 1083 1996 1207 2077; x_wconf 85' lang='lat' dir='ltr'><strong>quidem</strong></span> <span class='ocrx_word' id='word_1_199' title='bbox 1223 1997 1290 2058; x_wconf 90' lang='lat' dir='ltr'><strong>hao—</strong></span> <span class='ocrx_word' id='word_1_200' title='bbox 1308 2003 1331 2050; x_wconf 80' lang='lat' dir='ltr'><strong>tt</strong></span> 
     </span>
     <span class='ocr_line' id='line_1_22' title="bbox 219 2081 1290 2164; baseline -0.002 -18"><span class='ocrx_word' id='word_1_201' title='bbox 219 2097 319 2148; x_wconf 86' lang='lat' dir='ltr'><strong>tenus.</strong></span> <span class='ocrx_word' id='word_1_202' title='bbox 336 2085 508 2147; x_wconf 82' lang='lat' dir='ltr'><strong>Patefactus</strong></span> <span class='ocrx_word' id='word_1_203' title='bbox 521 2085 601 2145; x_wconf 90' lang='lat' dir='ltr'><strong>enim</strong></span> <span class='ocrx_word' id='word_1_204' title='bbox 612 2085 695 2146; x_wconf 86' lang='lat' dir='ltr'><strong>loeus</strong></span> <span class='ocrx_word' id='word_1_205' title='bbox 705 2092 750 2144; x_wconf 90' lang='lat' dir='ltr'><strong>est</strong></span> <span class='ocrx_word' id='word_1_206' title='bbox 762 2084 835 2164; x_wconf 83' lang='lat' dir='ltr'><strong>ipse,</strong></span> <span class='ocrx_word' id='word_1_207' title='bbox 848 2090 881 2143; x_wconf 86' lang='lat' dir='ltr'><strong>ut</strong></span> <span class='ocrx_word' id='word_1_208' title='bbox 892 2100 953 2144; x_wconf 92' lang='lat' dir='ltr'><strong>non</strong></span> <span class='ocrx_word' id='word_1_209' title='bbox 967 2082 1083 2144; x_wconf 80' lang='lat' dir='ltr'><strong>difficile</strong></span> <span class='ocrx_word' id='word_1_210' title='bbox 1095 2083 1135 2143; x_wconf 89' lang='lat' dir='ltr'><strong>sit</strong></span> <span class='ocrx_word' id='word_1_211' title='bbox 1146 2081 1178 2144; x_wconf 92' lang='lat' dir='ltr'><strong>in</strong></span> <span class='ocrx_word' id='word_1_212' title='bbox 1190 2082 1290 2163; x_wconf 84' lang='lat' dir='ltr'><strong>exqui-</strong></span> 
     </span>
    </p>
   </div>
   <div class='ocr_carea' id='block_1_3' title="bbox 218 2254 1313 3959">
    <p class='ocr_par' dir='ltr' id='par_1_3' title="bbox 218 2254 1313 2867">
     <span class='ocr_line' id='line_1_23' title="bbox 256 2254 1291 2324; baseline -0.003 -15"><span class='ocrx_word' id='word_1_213' title='bbox 256 2259 294 2309; x_wconf 83' lang='lat'><strong>10.</strong></span> <span class='ocrx_word' id='word_1_214' title='bbox 317 2256 474 2324; x_wconf 76' lang='lat' dir='ltr'><strong>suedosist,</strong></span> <span class='ocrx_word' id='word_1_215' title='bbox 498 2271 552 2308; x_wconf 75' lang='lat' dir='ltr'><strong>was</strong></span> <span class='ocrx_word' id='word_1_216' title='bbox 570 2256 729 2306; x_wconf 80' lang='lat' dir='ltr'><strong>eineulsiiss-</strong></span> <span class='ocrx_word' id='word_1_217' title='bbox 782 2257 843 2306; x_wconf 84' lang='lat' dir='ltr'><strong>than</strong></span> <span class='ocrx_word' id='word_1_218' title='bbox 867 2257 910 2306; x_wconf 85' lang='lat' dir='ltr'><strong>ist.</strong></span> <span class='ocrx_word' id='word_1_219' title='bbox 957 2254 1097 2306; x_wconf 75' lang='lat' dir='ltr'><strong>Uelueudies</strong></span> <span class='ocrx_word' id='word_1_220' title='bbox 1126 2256 1173 2306; x_wconf 85' lang='lat' dir='ltr'><strong>dus</strong></span> <span class='ocrx_word' id='word_1_221' title='bbox 1204 2257 1291 2306; x_wconf 72' lang='lat' dir='ltr'><strong>beson-</strong></span> 
     </span>
     <span class='ocr_line' id='line_1_24' title="bbox 218 2323 1291 2390; baseline -0.005 -13"><span class='ocrx_word' id='word_1_222' title='bbox 218 2327 308 2390; x_wconf 89' lang='lat' dir='ltr'><strong>lioheu,</strong></span> <span class='ocrx_word' id='word_1_223' title='bbox 330 2325 461 2390; x_wconf 86' lang='lat' dir='ltr'><strong>gemeineu</strong></span> <span class='ocrx_word' id='word_1_224' title='bbox 480 2324 609 2374; x_wconf 80' lang='lat' dir='ltr'><strong>llindruok</strong></span> <span class='ocrx_word' id='word_1_225' title='bbox 632 2325 728 2386; x_wconf 79' lang='lat' dir='ltr'><strong>maeht3</strong></span> <span class='ocrx_word' id='word_1_226' title='bbox 784 2339 847 2374; x_wconf 81' lang='lat' dir='ltr'><strong>nene</strong></span> <span class='ocrx_word' id='word_1_227' title='bbox 871 2323 984 2373; x_wconf 79' lang='lat' dir='ltr'><strong>Hundeln</strong></span> <span class='ocrx_word' id='word_1_228' title='bbox 1008 2324 1106 2374; x_wconf 81' lang='lat' dir='ltr'><strong>lommt</strong></span> <span class='ocrx_word' id='word_1_229' title='bbox 1128 2325 1224 2374; x_wconf 72' lang='lat' dir='ltr'><strong>stesso</strong></span> <span class='ocrx_word' id='word_1_230' title='bbox 1250 2325 1291 2374; x_wconf 82' lang='lat' dir='ltr'><strong>der</strong></span> 
     </span>
     <span class='ocr_line' id='line_1_25' title="bbox 218 2391 1291 2460; baseline -0.004 -16"><span class='ocrx_word' id='word_1_231' title='bbox 218 2395 370 2460; x_wconf 68' lang='lat' dir='ltr'><strong>flagellemus,</strong></span> <span class='ocrx_word' id='word_1_232' title='bbox 391 2393 611 2444; x_wconf 78' lang='lat' dir='ltr'><strong>verbreelieriseh.</strong></span> <span class='ocrx_word' id='word_1_233' title='bbox 647 2395 729 2444; x_wconf 83' lang='lat' dir='ltr'><strong>taeter</strong></span> <span class='ocrx_word' id='word_1_234' title='bbox 783 2393 878 2443; x_wconf 85' lang='lat' dir='ltr'><strong>dritten</strong></span> <span class='ocrx_word' id='word_1_235' title='bbox 892 2392 943 2441; x_wconf 87' lang='lat' dir='ltr'><strong>und</strong></span> <span class='ocrx_word' id='word_1_236' title='bbox 957 2391 1059 2442; x_wconf 73' lang='lat' dir='ltr'><strong>vientes</strong></span> <span class='ocrx_word' id='word_1_237' title='bbox 1070 2391 1177 2455; x_wconf 82' lang='lat' dir='ltr'><strong>&#39;llugend</strong></span> <span class='ocrx_word' id='word_1_238' title='bbox 1189 2409 1236 2455; x_wconf 80' lang='lat' dir='ltr'><strong>zu3</strong></span> <span class='ocrx_word' id='word_1_239' title='bbox 1248 2393 1291 2440; x_wconf 82' lang='lat' dir='ltr'><strong>der</strong></span> 
     </span>
     <span class='ocr_line' id='line_1_26' title="bbox 218 2459 1291 2524; baseline -0.003 -12"><span class='ocrx_word' id='word_1_240' title='bbox 218 2465 268 2512; x_wconf 90' lang='lat' dir='ltr'><strong>und</strong></span> <span class='ocrx_word' id='word_1_241' title='bbox 292 2464 411 2512; x_wconf 79' lang='lat' dir='ltr'><strong>obscenos</strong></span> <span class='ocrx_word' id='word_1_242' title='bbox 442 2461 640 2512; x_wconf 81' lang='lat' dir='ltr'><strong>untersoheidou</strong></span> <span class='ocrx_word' id='word_1_243' title='bbox 673 2461 728 2510; x_wconf 83' lang='lat' dir='ltr'><strong>sioli</strong></span> <span class='ocrx_word' id='word_1_244' title='bbox 782 2461 927 2524; x_wconf 79' lang='lat' dir='ltr'><strong>Gegeuuatz</strong></span> <span class='ocrx_word' id='word_1_245' title='bbox 937 2459 973 2509; x_wconf 87' lang='lat' dir='ltr'><strong>ist</strong></span> <span class='ocrx_word' id='word_1_246' title='bbox 982 2461 1037 2510; x_wconf 75' lang='lat' dir='ltr'><strong>also</strong></span> <span class='ocrx_word' id='word_1_247' title='bbox 1049 2460 1120 2510; x_wconf 84' lang='lat' dir='ltr'><strong>nieht</strong></span> <span class='ocrx_word' id='word_1_248' title='bbox 1129 2460 1228 2524; x_wconf 64' lang='lat' dir='ltr'><strong>uiolatis</strong></span> <span class='ocrx_word' id='word_1_249' title='bbox 1236 2477 1291 2511; x_wconf 85' lang='lat' dir='ltr'><strong>aus·</strong></span> 
     </span>
     <span class='ocr_line' id='line_1_27' title="bbox 219 2527 1313 2592; baseline -0.003 -11"><span class='ocrx_word' id='word_1_250' title='bbox 219 2531 269 2582; x_wconf 87' lang='lat' dir='ltr'><strong>wie</strong></span> <span class='ocrx_word' id='word_1_251' title='bbox 282 2531 454 2581; x_wconf 78' lang='lat' dir='ltr'><strong>numeralisoh</strong></span> <span class='ocrx_word' id='word_1_252' title='bbox 475 2530 525 2580; x_wconf 89' lang='lat' dir='ltr'><strong>und</strong></span> <span class='ocrx_word' id='word_1_253' title='bbox 546 2529 725 2590; x_wconf 75' lang='lat' dir='ltr'><strong>unnnstdudig.</strong></span> <span class='ocrx_word' id='word_1_254' title='bbox 781 2529 914 2592; x_wconf 77' lang='lat' dir='ltr'><strong>geduiiokt.</strong></span> <span class='ocrx_word' id='word_1_255' title='bbox 949 2527 1175 2592; x_wconf 80' lang='lat' dir='ltr'><strong>DleVeeluiuduug</strong></span> <span class='ocrx_word' id='word_1_256' title='bbox 1187 2530 1313 2592; x_wconf 49' lang='lat' dir='ltr'><strong>emuna</strong></span> 
     </span>
     <span class='ocr_line' id='line_1_28' title="bbox 218 2596 1292 2664; baseline -0.003 -15"><span class='ocrx_word' id='word_1_257' title='bbox 218 2628 251 2636; x_wconf 89' lang='lat'><em>-</em></span> <span class='ocrx_word' id='word_1_258' title='bbox 272 2599 320 2649; x_wconf 83' lang='lat' dir='ltr'><strong>Ein</strong></span> <span class='ocrx_word' id='word_1_259' title='bbox 338 2599 449 2664; x_wconf 85' lang='lat' dir='ltr'><strong>Beispiel</strong></span> <span class='ocrx_word' id='word_1_260' title='bbox 463 2614 512 2650; x_wconf 86' lang='lat' dir='ltr'><strong>von</strong></span> <span class='ocrx_word' id='word_1_261' title='bbox 526 2599 609 2648; x_wconf 79' lang='lat' dir='ltr'><strong>einum</strong></span> <span class='ocrx_word' id='word_1_262' title='bbox 622 2597 727 2648; x_wconf 83' lang='lat' dir='ltr'><strong>solohen</strong></span> <span class='ocrx_word' id='word_1_263' title='bbox 778 2596 968 2664; x_wconf 68' lang='lat' dir='ltr'><strong>praudentium</strong></span> <span class='ocrx_word' id='word_1_264' title='bbox 976 2597 1012 2647; x_wconf 84' lang='lat' dir='ltr'><strong>ist</strong></span> <span class='ocrx_word' id='word_1_265' title='bbox 1020 2596 1164 2659; x_wconf 80' lang='lat' dir='ltr'><strong>uulogisoh‚</strong></span> <span class='ocrx_word' id='word_1_266' title='bbox 1177 2597 1211 2648; x_wconf 82' lang='lat' dir='ltr'><strong>da</strong></span> <span class='ocrx_word' id='word_1_267' title='bbox 1220 2597 1292 2662; x_wconf 72' lang='lat' dir='ltr'><strong>jedes</strong></span> 
     </span>
     <span class='ocr_line' id='line_1_29' title="bbox 219 2663 1293 2730; baseline -0.002 -14"><span class='ocrx_word' id='word_1_268' title='bbox 219 2668 327 2717; x_wconf 87' lang='lat' dir='ltr'><strong>Conlliot</strong></span> <span class='ocrx_word' id='word_1_269' title='bbox 338 2667 466 2716; x_wconf 84' lang='lat' dir='ltr'><strong>zwisoheu</strong></span> <span class='ocrx_word' id='word_1_270' title='bbox 479 2667 528 2716; x_wconf 89' lang='lat' dir='ltr'><strong>den</strong></span> <span class='ocrx_word' id='word_1_271' title='bbox 540 2665 726 2730; x_wconf 74' lang='lat' dir='ltr'><strong>Foederungen</strong></span> <span class='ocrx_word' id='word_1_272' title='bbox 782 2665 990 2728; x_wconf 84' lang='lat' dir='ltr'><strong>einollaudluug,</strong></span> <span class='ocrx_word' id='word_1_273' title='bbox 1000 2665 1053 2714; x_wconf 86' lang='lat' dir='ltr'><strong>dies</strong></span> <span class='ocrx_word' id='word_1_274' title='bbox 1064 2666 1119 2714; x_wconf 83' lang='lat' dir='ltr'><strong>eino</strong></span> <span class='ocrx_word' id='word_1_275' title='bbox 1127 2663 1293 2726; x_wconf 64' lang='lat' dir='ltr'><strong>discussius</strong></span> 
     </span>
     <span class='ocr_line' id='line_1_30' title="bbox 218 2733 1293 2799; baseline -0.001 -14"><span class='ocrx_word' id='word_1_276' title='bbox 218 2737 264 2785; x_wconf 79' lang='lat' dir='ltr'><strong>der</strong></span> <span class='ocrx_word' id='word_1_277' title='bbox 287 2733 509 2786; x_wconf 78' lang='lat' dir='ltr'><strong>Vaterlandsliebe</strong></span> <span class='ocrx_word' id='word_1_278' title='bbox 534 2734 584 2782; x_wconf 90' lang='lat' dir='ltr'><strong>und</strong></span> <span class='ocrx_word' id='word_1_279' title='bbox 609 2733 653 2783; x_wconf 88' lang='lat' dir='ltr'><strong>des</strong></span> <span class='ocrx_word' id='word_1_280' title='bbox 674 2733 727 2782; x_wconf 82' lang='lat' dir='ltr'><strong>An·</strong></span> <span class='ocrx_word' id='word_1_281' title='bbox 781 2733 941 2784; x_wconf 64' lang='lat' dir='ltr'><strong>bezeichnen</strong></span> <span class='ocrx_word' id='word_1_282' title='bbox 967 2735 1293 2799; x_wconf 54' lang='lat' dir='ltr'><strong>cognitionum-sequetur</strong></span> 
     </span>
     <span class='ocr_line' id='line_1_31' title="bbox 218 2799 1292 2867; baseline -0.004 -15"><span class='ocrx_word' id='word_1_283' title='bbox 218 2803 321 2852; x_wconf 84' lang='lat' dir='ltr'><strong>standee</strong></span> <span class='ocrx_word' id='word_1_284' title='bbox 334 2803 400 2851; x_wconf 83' lang='lat' dir='ltr'><strong>wird</strong></span> <span class='ocrx_word' id='word_1_285' title='bbox 413 2799 517 2867; x_wconf 66' lang='lat'><strong>111593</strong></span> <span class='ocrx_word' id='word_1_286' title='bbox 531 2802 650 2864; x_wconf 79' lang='lat' dir='ltr'><strong>gegeben.</strong></span> <span class='ocrx_word' id='word_1_287' title='bbox 781 2800 1017 2852; x_wconf 74' lang='lat' dir='ltr'><strong>oonsa‘tteratuaetie</strong></span> <span class='ocrx_word' id='word_1_288' title='bbox 1025 2800 1292 2852; x_wconf 80' lang='lat' dir='ltr'><strong>kununurbedeuteu:</strong></span> 
     </span>
    </p>

    <p class='ocr_par' dir='ltr' id='par_1_4' title="bbox 255 2865 1292 2934">
     <span class='ocr_line' id='line_1_32' title="bbox 255 2865 1292 2934; baseline -0.006 -12"><span class='ocrx_word' id='word_1_289' title='bbox 255 2869 479 2922; x_wconf 67' lang='lat' dir='ltr'><strong>inpendentes:</strong></span> <span class='ocrx_word' id='word_1_290' title='bbox 499 2885 519 2920; x_wconf 88' lang='lat' dir='ltr'><strong>s.</strong></span> <span class='ocrx_word' id='word_1_291' title='bbox 533 2869 601 2920; x_wconf 85' lang='lat' dir='ltr'><strong>Einl.</strong></span> <span class='ocrx_word' id='word_1_292' title='bbox 615 2868 630 2934; x_wconf 60' lang='grc' dir='ltr'>ᾖ</span> <span class='ocrx_word' id='word_1_293' title='bbox 644 2865 684 2920; x_wconf 81' lang='grc'><strong>30.</strong></span> <span class='ocrx_word' id='word_1_294' title='bbox 781 2869 828 2920; x_wconf 83' lang='lat' dir='ltr'><strong>auf</strong></span> <span class='ocrx_word' id='word_1_295' title='bbox 849 2870 889 2919; x_wconf 87' lang='lat' dir='ltr'><strong>die</strong></span> <span class='ocrx_word' id='word_1_296' title='bbox 910 2869 1082 2920; x_wconf 77' lang='lat' dir='ltr'><strong>deluuntuiss</strong></span> <span class='ocrx_word' id='word_1_297' title='bbox 1102 2869 1169 2918; x_wconf 80' lang='lat' dir='ltr'><strong>wind</strong></span> <span class='ocrx_word' id='word_1_298' title='bbox 1192 2871 1238 2920; x_wconf 83' lang='lat' dir='ltr'><strong>das</strong></span> <span class='ocrx_word' id='word_1_299' title='bbox 1251 2871 1292 2920; x_wconf 79' lang='lat' dir='ltr'><strong>be·</strong></span> 
     </span>
    </p>

    <p class='ocr_par' dir='ltr' id='par_1_5' title="bbox 255 2934 1292 3006">
     <span class='ocr_line' id='line_1_33' title="bbox 255 2934 1292 3006; baseline -0.003 -17"><span class='ocrx_word' id='word_1_300' title='bbox 255 2938 294 2989; x_wconf 87' lang='lat'><strong>15.</strong></span> <span class='ocrx_word' id='word_1_301' title='bbox 313 2934 603 3006; x_wconf 63' lang='lat' dir='ltr'><strong>decideretempueut:</strong></span> <span class='ocrx_word' id='word_1_302' title='bbox 621 2937 725 3003; x_wconf 77' lang='lat' dir='ltr'>z.§82.</span> <span class='ocrx_word' id='word_1_303' title='bbox 781 2953 893 2988; x_wconf 83' lang='lat' dir='ltr'><strong>sunnone</strong></span> <span class='ocrx_word' id='word_1_304' title='bbox 914 2937 1029 2988; x_wconf 84' lang='lat' dir='ltr'><strong>Haudelu</strong></span> <span class='ocrx_word' id='word_1_305' title='bbox 1053 2935 1156 3002; x_wconf 81' lang='lat' dir='ltr'><strong>lolgen,</strong></span> <span class='ocrx_word' id='word_1_306' title='bbox 1181 2939 1243 2988; x_wconf 82' lang='lat' dir='ltr'><strong>oder</strong></span> <span class='ocrx_word' id='word_1_307' title='bbox 1268 2951 1292 2986; x_wconf 85' lang='lat' dir='ltr'><strong>es</strong></span> 
     </span>
    </p>

    <p class='ocr_par' dir='ltr' id='par_1_6' title="bbox 220 3004 1294 3480">
     <span class='ocr_line' id='line_1_34' title="bbox 256 3004 1290 3074; baseline -0.001 -21"><span class='ocrx_word' id='word_1_308' title='bbox 256 3006 295 3058; x_wconf 81' lang='lat'><strong>18.</strong></span> <span class='ocrx_word' id='word_1_309' title='bbox 314 3005 417 3056; x_wconf 78' lang='lat' dir='ltr'><strong>Etenim</strong></span> <span class='ocrx_word' id='word_1_310' title='bbox 428 3005 619 3074; x_wconf 68' lang='lat' dir='ltr'><strong>-prudooten</strong></span> <span class='ocrx_word' id='word_1_311' title='bbox 631 3004 659 3055; x_wconf 86' lang='lat' dir='ltr'><strong>ln</strong></span> <span class='ocrx_word' id='word_1_312' title='bbox 678 3007 726 3056; x_wconf 90' lang='lat' dir='ltr'><strong>den</strong></span> <span class='ocrx_word' id='word_1_313' title='bbox 780 3005 918 3068; x_wconf 82' lang='lat' dir='ltr'><strong>wirdjene</strong></span> <span class='ocrx_word' id='word_1_314' title='bbox 931 3005 1290 3070; x_wconf 78' lang='lat' dir='ltr'><strong>eunVeuaussutzughuben.</strong></span> 
     </span>
     <span class='ocr_line' id='line_1_35' title="bbox 220 3072 1293 3137; baseline -0.001 -14"><span class='ocrx_word' id='word_1_315' title='bbox 220 3073 332 3124; x_wconf 84' lang='lat' dir='ltr'><strong>Worteu</strong></span> <span class='ocrx_word' id='word_1_316' title='bbox 354 3073 435 3123; x_wconf 86' lang='lat' dir='ltr'><strong>baben</strong></span> <span class='ocrx_word' id='word_1_317' title='bbox 459 3076 508 3124; x_wconf 80' lang='lat' dir='ltr'><strong>wir</strong></span> <span class='ocrx_word' id='word_1_318' title='bbox 530 3074 572 3124; x_wconf 88' lang='lat' dir='ltr'><strong>eiu</strong></span> <span class='ocrx_word' id='word_1_319' title='bbox 599 3075 663 3125; x_wconf 79' lang='lat' dir='ltr'><strong>uuols</strong></span> <span class='ocrx_word' id='word_1_320' title='bbox 687 3074 726 3124; x_wconf 85' lang='lat' dir='ltr'><strong>im</strong></span> <span class='ocrx_word' id='word_1_321' title='bbox 785 3074 963 3124; x_wconf 59' lang='lat' dir='ltr'><strong>&amp;ranulam</strong></span> <span class='ocrx_word' id='word_1_322' title='bbox 976 3074 1100 3126; x_wconf 78' lang='lat' dir='ltr'><strong>Niemend</strong></span> <span class='ocrx_word' id='word_1_323' title='bbox 1113 3072 1293 3137; x_wconf 56' lang='lat' dir='ltr'><strong>legemem</strong></span> 
     </span>
     <span class='ocr_line' id='line_1_36' title="bbox 221 3141 1294 3206; baseline 0.004 -16"><span class='ocrx_word' id='word_1_324' title='bbox 221 3141 357 3192; x_wconf 78' lang='lat' dir='ltr'><strong>Ausdruoli</strong></span> <span class='ocrx_word' id='word_1_325' title='bbox 366 3143 563 3206; x_wconf 77' lang='lat' dir='ltr'><strong>ungesolsiolites</strong></span> <span class='ocrx_word' id='word_1_326' title='bbox 575 3141 731 3194; x_wconf 86' lang='lat' dir='ltr'><strong>Glossemzu</strong></span> <span class='ocrx_word' id='word_1_327' title='bbox 785 3144 832 3194; x_wconf 79' lang='lat' dir='ltr'><strong>dus</strong></span> <span class='ocrx_word' id='word_1_328' title='bbox 845 3144 987 3192; x_wconf 77' lang='lat' dir='ltr'><strong>besouuene</strong></span> <span class='ocrx_word' id='word_1_329' title='bbox 999 3142 1113 3194; x_wconf 79' lang='lat' dir='ltr'><strong>lluudoln</strong></span> <span class='ocrx_word' id='word_1_330' title='bbox 1131 3145 1203 3192; x_wconf 83' lang='lat' dir='ltr'><strong>melu·</strong></span> <span class='ocrx_word' id='word_1_331' title='bbox 1215 3143 1294 3194; x_wconf 71' lang='lat' dir='ltr'><strong>mulli</strong></span> 
     </span>
     <span class='ocr_line' id='line_1_37' title="bbox 220 3205 1293 3328; baseline 0.001 -70"><span class='ocrx_word' id='word_1_332' title='bbox 220 3205 306 3260; x_wconf 83' lang='lat' dir='ltr'><strong>sehon.</strong></span> <span class='ocrx_word' id='word_1_333' title='bbox 343 3209 393 3260; x_wconf 88' lang='lat' dir='ltr'><strong>Mit</strong></span> <span class='ocrx_word' id='word_1_334' title='bbox 417 3211 502 3274; x_wconf 79' lang='lat' dir='ltr'><strong>Quare</strong></span> <span class='ocrx_word' id='word_1_335' title='bbox 524 3212 569 3261; x_wconf 79' lang='lat' dir='ltr'><strong>doe</strong></span> <span class='ocrx_word' id='word_1_336' title='bbox 591 3228 632 3276; x_wconf 75' lang='lat' dir='ltr'><strong>qu.</strong></span> <span class='ocrx_word' id='word_1_337' title='bbox 646 3213 728 3328; x_wconf 47' lang='lat' dir='ltr'><strong>opsoni.</strong></span> <span class='ocrx_word' id='word_1_338' title='bbox 785 3211 835 3260; x_wconf 83' lang='lat' dir='ltr'><strong>sei.</strong></span> <span class='ocrx_word' id='word_1_339' title='bbox 885 3210 937 3260; x_wconf 81' lang='lat' dir='ltr'><strong>Der</strong></span> <span class='ocrx_word' id='word_1_340' title='bbox 966 3209 1139 3276; x_wconf 73' lang='lat' dir='ltr'><strong>interpolatus</strong></span> <span class='ocrx_word' id='word_1_341' title='bbox 1168 3212 1216 3261; x_wconf 76' lang='lat' dir='ltr'><strong>hut</strong></span> <span class='ocrx_word' id='word_1_342' title='bbox 1243 3225 1293 3259; x_wconf 73' lang='lat' dir='ltr'><strong>was</strong></span> 
     </span>
     <span class='ocr_line' id='line_1_38' title="bbox 220 3277 1294 3345; baseline 0 -17"><span class='ocrx_word' id='word_1_343' title='bbox 220 3282 257 3328; x_wconf 82' lang='lat' dir='ltr'><strong>eet</strong></span> <span class='ocrx_word' id='word_1_344' title='bbox 269 3287 318 3328; x_wconf 87' lang='lat' dir='ltr'><strong>eet.</strong></span> <span class='ocrx_word' id='word_1_345' title='bbox 332 3279 368 3328; x_wconf 89' lang='lat' dir='ltr'><strong>ist</strong></span> <span class='ocrx_word' id='word_1_346' title='bbox 385 3278 425 3328; x_wconf 87' lang='lat' dir='ltr'><strong>die</strong></span> <span class='ocrx_word' id='word_1_347' title='bbox 442 3277 637 3344; x_wconf 75' lang='lat' dir='ltr'><strong>Untessuohung</strong></span> <span class='ocrx_word' id='word_1_348' title='bbox 654 3296 668 3329; x_wconf 82' lang='lat' dir='ltr'><strong>a</strong></span> <span class='ocrx_word' id='word_1_349' title='bbox 687 3293 731 3344; x_wconf 86' lang='lat' dir='ltr'><strong>ge·</strong></span> <span class='ocrx_word' id='word_1_350' title='bbox 785 3277 801 3344; x_wconf 71' lang='grc'>5</span> <span class='ocrx_word' id='word_1_351' title='bbox 818 3278 863 3328; x_wconf 81' lang='grc'><strong>153</strong></span> <span class='ocrx_word' id='word_1_352' title='bbox 887 3285 977 3340; x_wconf 79' lang='lat' dir='ltr'><strong>gesegt</strong></span> <span class='ocrx_word' id='word_1_353' title='bbox 997 3280 1034 3329; x_wconf 83' lang='lat' dir='ltr'><strong>ist</strong></span> <span class='ocrx_word' id='word_1_354' title='bbox 1057 3280 1172 3345; x_wconf 78' lang='lat' dir='ltr'><strong>eognitio</strong></span> <span class='ocrx_word' id='word_1_355' title='bbox 1189 3283 1294 3329; x_wconf 68' lang='lat' dir='ltr'><strong>westem-</strong></span> 
     </span>
     <span class='ocr_line' id='line_1_39' title="bbox 220 3345 1293 3414; baseline -0.001 -17"><span class='ocrx_word' id='word_1_356' title='bbox 220 3346 351 3398; x_wconf 88' lang='lat' dir='ltr'><strong>sohlossen</strong></span> <span class='ocrx_word' id='word_1_357' title='bbox 368 3347 418 3396; x_wconf 90' lang='lat' dir='ltr'><strong>und</strong></span> <span class='ocrx_word' id='word_1_358' title='bbox 435 3361 462 3397; x_wconf 90' lang='lat' dir='ltr'><strong>es</strong></span> <span class='ocrx_word' id='word_1_359' title='bbox 482 3346 548 3412; x_wconf 83' lang='lat' dir='ltr'><strong>lolgt</strong></span> <span class='ocrx_word' id='word_1_360' title='bbox 566 3347 731 3412; x_wconf 85' lang='lat' dir='ltr'><strong>nothwendig</strong></span> <span class='ocrx_word' id='word_1_361' title='bbox 782 3345 1012 3414; x_wconf 71' lang='lat' dir='ltr'><strong>plutioquerenum</strong></span> <span class='ocrx_word' id='word_1_362' title='bbox 1023 3353 1193 3398; x_wconf 73' lang='lat' dir='ltr'><strong>tutumoet.</strong></span> <span class='ocrx_word' id='word_1_363' title='bbox 1219 3363 1293 3411; x_wconf 78' lang='lat' dir='ltr'><strong>unge·</strong></span> 
     </span>
     <span class='ocr_line' id='line_1_40' title="bbox 221 3414 1116 3480; baseline 0 -17"><span class='ocrx_word' id='word_1_364' title='bbox 221 3415 314 3466; x_wconf 80' lang='lat' dir='ltr'><strong>darauf</strong></span> <span class='ocrx_word' id='word_1_365' title='bbox 322 3418 407 3480; x_wconf 78' lang='lat' dir='ltr'><strong>Atque</strong></span> <span class='ocrx_word' id='word_1_366' title='bbox 419 3416 479 3466; x_wconf 82' lang='lat' dir='ltr'><strong>daeo</strong></span> <span class='ocrx_word' id='word_1_367' title='bbox 489 3415 590 3480; x_wconf 81' lang='lat' dir='ltr'><strong>quidem</strong></span> <span class='ocrx_word' id='word_1_368' title='bbox 598 3417 729 3465; x_wconf 74' lang='lat' dir='ltr'><strong>haetenus.</strong></span> <span class='ocrx_word' id='word_1_369' title='bbox 785 3414 884 3464; x_wconf 81' lang='lat' dir='ltr'><strong>soliiokt</strong></span> <span class='ocrx_word' id='word_1_370' title='bbox 897 3415 1116 3480; x_wconf 76' lang='lat' dir='ltr'><strong>wiedergegolteu.</strong></span> 
     </span>
    </p>

    <p class='ocr_par' dir='ltr' id='par_1_7' title="bbox 218 3482 1296 3959">
     <span class='ocr_line' id='line_1_41' title="bbox 221 3482 1294 3548; baseline 0.001 -15"><span class='ocrx_word' id='word_1_371' title='bbox 221 3483 290 3534; x_wconf 86' lang='lat' dir='ltr'><strong>Statt</strong></span> <span class='ocrx_word' id='word_1_372' title='bbox 302 3484 393 3533; x_wconf 86' lang='lat' dir='ltr'><strong>dessen</strong></span> <span class='ocrx_word' id='word_1_373' title='bbox 406 3485 484 3534; x_wconf 89' lang='lat' dir='ltr'><strong>sollte</strong></span> <span class='ocrx_word' id='word_1_374' title='bbox 494 3484 547 3534; x_wconf 86' lang='lat' dir='ltr'><strong>Cio.</strong></span> <span class='ocrx_word' id='word_1_375' title='bbox 561 3485 626 3532; x_wconf 73' lang='lat' dir='ltr'><strong>neele</strong></span> <span class='ocrx_word' id='word_1_376' title='bbox 638 3482 730 3534; x_wconf 83' lang='lat' dir='ltr'><strong>einmul</strong></span> <span class='ocrx_word' id='word_1_377' title='bbox 821 3483 861 3532; x_wconf 83' lang='lat' dir='ltr'><strong>tt.</strong></span> <span class='ocrx_word' id='word_1_378' title='bbox 891 3483 1072 3548; x_wconf 60' lang='lat' dir='ltr'><strong>loeuszssuint.</strong></span> <span class='ocrx_word' id='word_1_379' title='bbox 1086 3483 1118 3543; x_wconf 87' lang='lat' dir='ltr'><strong>V,</strong></span> <span class='ocrx_word' id='word_1_380' title='bbox 1134 3484 1167 3534; x_wconf 81' lang='lat' dir='ltr'><strong>tu</strong></span> <span class='ocrx_word' id='word_1_381' title='bbox 1187 3483 1294 3534; x_wconf 70' lang='lat' dir='ltr'><strong>tonsos</strong></span> 
     </span>
     <span class='ocr_line' id='line_1_42' title="bbox 219 3549 1294 3618; baseline -0.004 -16"><span class='ocrx_word' id='word_1_382' title='bbox 219 3552 266 3602; x_wconf 85' lang='lat' dir='ltr'><strong>mit</strong></span> <span class='ocrx_word' id='word_1_383' title='bbox 285 3554 342 3604; x_wconf 87' lang='lat' dir='ltr'><strong>dem</strong></span> <span class='ocrx_word' id='word_1_384' title='bbox 357 3551 553 3615; x_wconf 81' lang='lat' dir='ltr'><strong>begriiuduudeu</strong></span> <span class='ocrx_word' id='word_1_385' title='bbox 573 3555 667 3602; x_wconf 81' lang='lat' dir='ltr'><strong>etenim</strong></span> <span class='ocrx_word' id='word_1_386' title='bbox 683 3551 730 3600; x_wconf 89' lang='lat' dir='ltr'><strong>deu</strong></span> <span class='ocrx_word' id='word_1_387' title='bbox 784 3549 885 3618; x_wconf 72' lang='lat' dir='ltr'><strong>appello</strong></span> <span class='ocrx_word' id='word_1_388' title='bbox 910 3550 984 3602; x_wconf 79' lang='lat' dir='ltr'><strong>sedes</strong></span> <span class='ocrx_word' id='word_1_389' title='bbox 1011 3555 1242 3618; x_wconf 70' lang='lat' dir='ltr'><strong>argumentorum,</strong></span> <span class='ocrx_word' id='word_1_390' title='bbox 1270 3553 1294 3598; x_wconf 72' lang='lat' dir='ltr'><strong>in</strong></span> 
     </span>
     <span class='ocr_line' id='line_1_43' title="bbox 219 3619 1295 3686; baseline 0 -18"><span class='ocrx_word' id='word_1_391' title='bbox 219 3620 320 3670; x_wconf 90' lang='lat' dir='ltr'><strong>Beweis</strong></span> <span class='ocrx_word' id='word_1_392' title='bbox 334 3620 519 3684; x_wconf 73' lang='lat' dir='ltr'><strong>ensebliessm,</strong></span> <span class='ocrx_word' id='word_1_393' title='bbox 531 3621 589 3670; x_wconf 80' lang='lat' dir='ltr'><strong>dass</strong></span> <span class='ocrx_word' id='word_1_394' title='bbox 600 3620 641 3670; x_wconf 90' lang='lat' dir='ltr'><strong>die</strong></span> <span class='ocrx_word' id='word_1_395' title='bbox 654 3619 730 3686; x_wconf 74' lang='lat' dir='ltr'><strong>peak·</strong></span> <span class='ocrx_word' id='word_1_396' title='bbox 783 3620 876 3684; x_wconf 57' lang='lat' dir='ltr'><strong>miluc</strong></span> <span class='ocrx_word' id='word_1_397' title='bbox 888 3619 969 3669; x_wconf 72' lang='lat' dir='ltr'><strong>latam</strong></span> <span class='ocrx_word' id='word_1_398' title='bbox 983 3623 1009 3670; x_wconf 80' lang='lat' dir='ltr'><strong>et</strong></span> <span class='ocrx_word' id='word_1_399' title='bbox 1019 3636 1056 3670; x_wconf 76' lang='lat' dir='ltr'><strong>ete</strong></span> <span class='ocrx_word' id='word_1_400' title='bbox 1072 3621 1164 3685; x_wconf 73' lang='lat' dir='ltr'><strong>quitos</strong></span> <span class='ocrx_word' id='word_1_401' title='bbox 1180 3623 1241 3670; x_wconf 71' lang='lat' dir='ltr'><strong>sent</strong></span> <span class='ocrx_word' id='word_1_402' title='bbox 1255 3635 1295 3686; x_wconf 82' lang='lat' dir='ltr'><strong>pe·</strong></span> 
     </span>
     <span class='ocr_line' id='line_1_44' title="bbox 219 3686 1295 3754; baseline 0 -18"><span class='ocrx_word' id='word_1_403' title='bbox 219 3687 303 3738; x_wconf 83' lang='lat' dir='ltr'><strong>tisehe</strong></span> <span class='ocrx_word' id='word_1_404' title='bbox 312 3686 416 3752; x_wconf 77' lang='lat' dir='ltr'><strong>&#39;legend</strong></span> <span class='ocrx_word' id='word_1_405' title='bbox 428 3703 476 3738; x_wconf 83' lang='lat' dir='ltr'><strong>vor</strong></span> <span class='ocrx_word' id='word_1_406' title='bbox 485 3688 730 3740; x_wconf 81' lang='lat' dir='ltr'><strong>dertheoretiseluen</strong></span> <span class='ocrx_word' id='word_1_407' title='bbox 783 3687 865 3738; x_wconf 81' lang='lat' dir='ltr'><strong>teudo.</strong></span> <span class='ocrx_word' id='word_1_408' title='bbox 902 3687 953 3737; x_wconf 86' lang='lat' dir='ltr'><strong>Cio.</strong></span> <span class='ocrx_word' id='word_1_409' title='bbox 967 3694 1019 3753; x_wconf 74' lang='lat' dir='ltr'><strong>top.</strong></span> <span class='ocrx_word' id='word_1_410' title='bbox 1033 3689 1058 3752; x_wconf 81' lang='lat'><strong>2,</strong></span> <span class='ocrx_word' id='word_1_411' title='bbox 1077 3689 1295 3754; x_wconf 67' lang='lat' dir='ltr'><strong>imperasset</strong></span> 
     </span>
     <span class='ocr_line' id='line_1_45' title="bbox 221 3755 1295 3821; baseline -0.001 -17"><span class='ocrx_word' id='word_1_412' title='bbox 221 3755 269 3804; x_wconf 89' lang='lat' dir='ltr'><strong>den</strong></span> <span class='ocrx_word' id='word_1_413' title='bbox 306 3755 411 3819; x_wconf 77' lang='lat' dir='ltr'><strong>Vorzug</strong></span> <span class='ocrx_word' id='word_1_414' title='bbox 445 3756 501 3821; x_wconf 76' lang='lat' dir='ltr'><strong>liat,</strong></span> <span class='ocrx_word' id='word_1_415' title='bbox 542 3756 664 3807; x_wconf 80' lang='lat' dir='ltr'><strong>woriibor</strong></span> <span class='ocrx_word' id='word_1_416' title='bbox 699 3769 729 3804; x_wconf 79' lang='lat' dir='ltr'><strong>en</strong></span> <span class='ocrx_word' id='word_1_417' title='bbox 780 3769 849 3820; x_wconf 73' lang='lat' dir='ltr'><strong>gare</strong></span> <span class='ocrx_word' id='word_1_418' title='bbox 860 3760 1044 3820; x_wconf 53' lang='lat' dir='ltr'><strong>&amp;gementum</strong></span> <span class='ocrx_word' id='word_1_419' title='bbox 1056 3755 1162 3820; x_wconf 71' lang='lat' dir='ltr'><strong>aliquod</strong></span> <span class='ocrx_word' id='word_1_420' title='bbox 1172 3755 1295 3814; x_wconf 75' lang='lat' dir='ltr'><strong>uoluam,</strong></span> 
     </span>
     <span class='ocr_line' id='line_1_46' title="bbox 219 3822 1295 3892; baseline 0.002 -21"><span class='ocrx_word' id='word_1_421' title='bbox 219 3822 320 3872; x_wconf 85' lang='lat' dir='ltr'><strong>zuletzt</strong></span> <span class='ocrx_word' id='word_1_422' title='bbox 359 3823 429 3872; x_wconf 85' lang='lat' dir='ltr'><strong>nieht</strong></span> <span class='ocrx_word' id='word_1_423' title='bbox 465 3825 536 3876; x_wconf 79' lang='lat' dir='ltr'><strong>mehr</strong></span> <span class='ocrx_word' id='word_1_424' title='bbox 569 3825 727 3891; x_wconf 78' lang='lat' dir='ltr'><strong>gesproelseu</strong></span> <span class='ocrx_word' id='word_1_425' title='bbox 783 3823 847 3873; x_wconf 73' lang='lat' dir='ltr'><strong>loom</strong></span> <span class='ocrx_word' id='word_1_426' title='bbox 859 3838 932 3872; x_wconf 78' lang='lat' dir='ltr'><strong>nosse</strong></span> <span class='ocrx_word' id='word_1_427' title='bbox 942 3823 1074 3888; x_wconf 71' lang='lat' dir='ltr'><strong>deberetne,</strong></span> <span class='ocrx_word' id='word_1_428' title='bbox 1099 3827 1137 3874; x_wconf 75' lang='lat' dir='ltr'><strong>su</strong></span> <span class='ocrx_word' id='word_1_429' title='bbox 1159 3826 1230 3874; x_wconf 75' lang='lat' dir='ltr'><strong>enine</strong></span> <span class='ocrx_word' id='word_1_430' title='bbox 1250 3839 1295 3892; x_wconf 78' lang='lat' dir='ltr'><strong>up·</strong></span> 
     </span>
     <span class='ocr_line' id='line_1_47' title="bbox 218 3887 1296 3959; baseline 0.004 -22"><span class='ocrx_word' id='word_1_431' title='bbox 218 3887 270 3953; x_wconf 83' lang='lat' dir='ltr'><strong>hat,</strong></span> <span class='ocrx_word' id='word_1_432' title='bbox 283 3891 314 3941; x_wconf 83' lang='lat' dir='ltr'><strong>du</strong></span> <span class='ocrx_word' id='word_1_433' title='bbox 327 3890 398 3941; x_wconf 80' lang='lat' dir='ltr'><strong>dieue</strong></span> <span class='ocrx_word' id='word_1_434' title='bbox 410 3889 494 3954; x_wconf 81' lang='lat' dir='ltr'><strong>Fruge</strong></span> <span class='ocrx_word' id='word_1_435' title='bbox 511 3893 558 3943; x_wconf 86' lang='lat' dir='ltr'><strong>mit</strong></span> <span class='ocrx_word' id='word_1_436' title='bbox 571 3911 592 3944; x_wconf 87' lang='lat' dir='ltr'><strong>e.</strong></span> <span class='ocrx_word' id='word_1_437' title='bbox 606 3894 639 3943; x_wconf 81' lang='lat'><strong>44</strong></span> <span class='ocrx_word' id='word_1_438' title='bbox 651 3892 728 3956; x_wconf 75' lang='lat' dir='ltr'><strong>eluge-</strong></span> <span class='ocrx_word' id='word_1_439' title='bbox 782 3890 892 3958; x_wconf 77' lang='lat' dir='ltr'><strong>pullatae</strong></span> <span class='ocrx_word' id='word_1_440' title='bbox 903 3893 935 3942; x_wconf 81' lang='lat' dir='ltr'><strong>ul</strong></span> <span class='ocrx_word' id='word_1_441' title='bbox 941 3893 1082 3944; x_wconf 76' lang='lat' dir='ltr'><strong>Aristotele</strong></span> <span class='ocrx_word' id='word_1_442' title='bbox 1092 3895 1155 3943; x_wconf 74' lang='lat' dir='ltr'><strong>eunt</strong></span> <span class='ocrx_word' id='word_1_443' title='bbox 1166 3907 1212 3943; x_wconf 81' lang='lat' dir='ltr'><strong>oue</strong></span> <span class='ocrx_word' id='word_1_444' title='bbox 1224 3891 1296 3959; x_wconf 74' lang='lat' dir='ltr'><strong>quusi</strong></span> 
     </span>
    </p>
   </div>
   <div class='ocr_carea' id='block_1_4' title="bbox 0 0 1393 4498">
    <p class='ocr_par' dir='ltr' id='par_1_8' title="bbox 0 0 1393 4498">
     <span class='ocr_line' id='line_1_48' title="bbox 0 0 1393 4498; baseline 0 0"><span class='ocrx_word' id='word_1_445' title='bbox 0 0 1393 4498; x_wconf 95' lang='lat' dir='ltr'><strong> </strong></span> 
     </span>
    </p>
   </div>
  </div>
 </body>
</html>
