2800 4506
455 235 774 289 onoruiciisniom.
804 237 874 290 cnr.
888 239 948 290 no.
1168 237 1229 301 197

160 391 264 472 sophia
280 391 391 472 aliquid
407 391 588 470 profecimus
603 409 780 472 persuasum
796 410 862 453 csse
877 391 977 465 debet,
994 393 1019 454 si
1034 410 1140 454 omnes
1156 394 1229 455 daos

159 477 359 556 hominesque
368 477 464 538 celarc
474 476 634 556 possimus,
647 475 721 536 nihil
730 484 831 538 tamen
843 494 929 538 avare
941 477 1015 538 nihil
1026 478 1145 552 iniuste,
1156 479 1229 540 nihil

159 561 318 623 libidinose
330 562 405 623 nihil
416 562 640 622 incontinenter
654 579 720 622 esse
732 561 908 622 laciendum.
924 559 1002 623 Hinc
1012 562 1060 624 ille
1074 561 1169 643 Gyges
1181 564 1227 624 in·
1244 570 1264 624 o

159 647 281 708 ducitur
295 667 311 708 a
326 647 460 717 Platone,
476 646 536 726 qui,
554 665 622 708 cum
634 654 713 707 terra
726 645 910 708 discessisset
922 648 1037 726 magnis
1050 649 1228 728 quibusdam
1248 645 1281 699 3⁸

120 744 137 792 5
156 731 313 803 imbribus,
322 731 475 794 descendit
486 731 518 794 in
529 731 613 792 illum
625 729 740 791 hiatum
753 738 940 810 aeneumque
949 751 1072 812 equum,
1083 740 1117 794 ut
1126 733 1229 795 lemni

157 817 284 888 tabulae,
296 817 513 889 animadvertit,
527 817 612 878 cuius
619 816 651 876 in
657 815 799 877 latoribus
805 817 886 877 iores
894 825 1010 878 essent:
1023 816 1132 897 quibus
1140 837 1227 898 aper-

156 902 196 963 tis
212 921 320 981 corpus
335 901 467 962 hominis
483 901 595 962 mortui
610 900 686 961 vidit
702 901 907 980 magnitudine
925 901 1074 964 invisitata
1086 905 1227 966 anulum-

158 1006 217 1066 que
229 987 396 1062 aureamin
408 987 510 1064 digito,
522 1005 611 1066 quem
623 993 657 1046 ut
668 986 804 1058 detraxit,
816 986 1115 1065 ipseinduit—-erat
1127 983 1227 1050 autem

157 1071 257 1152 regius
278 1077 380 1151 pastor
399 1104 456 1144 —-‚
479 1080 545 1132 tum
565 1071 597 1132 in
618 1071 778 1132 concilium
798 1091 830 1132 se
849 1079 1004 1150 pastorum
1025 1073 1147 1152 recepit.
1183 1073 1228 1135 lbi

103 1173 137 1224 10
155 1175 226 1218 oum
241 1159 338 1237 palam
353 1156 418 1217 eius
434 1156 517 1218 anuli
531 1157 568 1218 ad
583 1157 710 1236 palmam
727 1163 922 1228 converterat,
939 1157 1049 1218 anullo
1061 1157 1226 1228 videbatur,

156 1242 221 1322 ipse
238 1249 338 1303 uutem
354 1241 455 1303 omnia
467 1241 596 1303 videbat:
613 1241 695 1302 idem
706 1259 811 1302 rursus
822 1241 985 1312 videbatur,
1002 1259 1070 1303 oum
1081 1241 1114 1302 iu
1125 1243 1227 1304 locum

156 1329 282 1389 anulum
297 1327 470 1388 inverterat.
497 1327 600 1406 ltaque
615 1328 671 1387 hac
686 1327 910 1406 opportunitate
925 1327 1005 1388 anuli
1019 1345 1093 1388 usus
1108 1327 1226 1407 reginae

157 1420 297 1492 stuprum
311 1412 413 1473 intulit
428 1427 521 1491 eaque
536 1411 679 1472 adiutrice
694 1431 795 1490 regem
811 1412 966 1473 dominum
978 1412 1141 1486 interemit,
1158 1429 1226 1473 sus-

154 1498 224 1558 tulit
240 1513 315 1577 quos
329 1497 448 1558 obstare
464 1496 671 1567 arbitrabatur,
687 1497 788 1558 necin
803 1497 850 1558 bis
864 1515 934 1558 eum
949 1497 1130 1561 facinoribus
1143 1498 1227 1578 quis·

100 1593 135 1646 15
156 1600 247 1662 quam
262 1582 361 1661 potuit
377 1582 487 1644 videre.
515 1581 564 1642 Sic
578 1587 705 1660 repente
720 1582 800 1644 anuli
815 1581 961 1644 beneficio
976 1599 1028 1643 rex
1043 1589 1164 1644 exortus
1181 1589 1226 1643 est

154 1668 275 1748 Lydiae.
305 1667 392 1730 Hunc
407 1667 496 1746 igitur
510 1667 609 1746 ipsum
622 1667 745 1728 anulum
754 1666 780 1727 si
795 1667 1041 1746 habeatsapiens‚
1057 1668 1150 1729 nihilo
1161 1669 1226 1747 plus

154 1753 212 1814 sibi
232 1753 321 1814 licere
340 1757 427 1832 putet
446 1769 582 1831 peccare,
603 1769 692 1831 quam
712 1750 814 1812 sinon
831 1751 962 1812 baberet.
997 1751 1129 1814 Honesta
1145 1753 1226 1814 enim

153 1837 244 1900 bonis
259 1837 340 1909 viris,
356 1854 419 1897 non
435 1838 548 1898 occulta
565 1843 759 1916 quaeruntur.
794 1837 891 1917 Atque
906 1838 964 1898 hoc
978 1837 1044 1897 loco
1058 1838 1228 1916 philosophi
1247 1851 1279 1902 39

190 1991 214 2041 3.
253 1987 348 2058 Gyges,
381 1989 428 2040 der
459 1989 573 2056 iyitsonc
595 1989 664 2054 liirt,
718 2000 787 2040 mass
808 1987 865 2038 sich
883 1989 938 2039 also
960 2003 993 2038 sn
1013 1992 1038 2040 si
1056 2003 1106 2039 nou
1123 1991 1227 2042 haberet

154 2059 269 2109 welches
286 2061 333 2108 den
346 2056 431 2121 libnig
442 2055 589 2110 liandaulcs
606 2058 664 2110 rui·
718 2059 758 2108 als
771 2057 901 2108 Naohsotu
919 2059 1112 2120 emineamus·
1125 2063 1227 2124 putaret

153 2133 217 2190 teto,
234 2127 289 2177 sich
305 2128 349 2176 des
359 2125 477 2176 Thronus
494 2125 664 2189 bemiclitigto
717 2126 799 2176 licere.
819 2126 878 2189 Vgl.
889 2125 919 2176 de
930 2133 981 2175 nat
994 2125 1017 2174 d.
1029 2123 1104 2187 1157,
1116 2127 1166 2177 144
1178 2143 1226 2177 uu-

153 2195 206 2245 uod
229 2195 400 2246 Siommvater
429 2194 474 2243 der
497 2192 664 2243 Mermnoden
717 2193 788 2243 ditior
798 2196 948 2261 fleoeuosum
962 2196 1012 2244 der
1022 2195 1104 2257 lubet,
1120 2210 1151 2244 no
1167 2195 1228 2259 quid

153 2263 257 2326 ναι-(1ος
279 2260 398 2312 Herodi
420 2261 495 2310 8-12.
529 2259 601 2310 Plato
620 2261 663 2324 (de
717 2264 817 2313 intrare
832 2265 922 2328 possit,
943 2264 969 2312 si
982 2261 1098 2328 simplum
1109 2265 1135 2312 et
1146 2262 1226 2314 disee

153 2347 183 2382 re
202 2347 225 2396 p.
243 2327 265 2380 il
282 2346 305 2396 p.
325 2329 385 2392 359)
402 2330 447 2379 het
463 2329 504 2379 die
518 2328 664 2392 Erzihlung
717 2333 890 2398 impeteret,
906 2341 946 2379 wo
960 2343 1016 2380 mon
1030 2330 1085 2380 sich
1098 2331 1225 2394 erginzen

154 2397 407 2463 ingleicherWeise
420 2397 470 2447 wie
483 2396 534 2448 Cic.
550 2398 608 2450 hiar
619 2398 664 2447 he·
717 2413 788 2448 mass
811 2397 878 2463 quod
895 2401 988 2464 posset.
1040 2398 1145 2463 Madvig
1170 2400 1226 2450 will

153 2473 237 2518 nutat.
715 2480 823 2533 peccare
834 2495 856 2504 -
868 2465 969 2514 haberet
988 2465 1027 2514 uls
1041 2463 1226 2530 interpolation

191 2537 215 2584 7.
236 2529 414 2599 magnitudine
430 2534 572 2595 inuisitato,
587 2533 663 2583 Plato
719 2533 863 2595 stacionem
891 2533 952 2582 aber
975 2545 996 2582 s.
1014 2533 1100 2583 Ambr.
1118 2532 1150 2585 lll
1168 2551 1189 2586 o.
1210 2535 1225 2584 5

153 2601 258 2670 μείζων
272 2597 298 2668 ’ἢ
321 2596 381 2652 κατ’
410 2595 569 2684 ἄνθρωπον.
616 2600 664 2650 Βία
718 2615 767 2652 ναν
784 2604 873 2652 minus
881 2601 974 2667 fugiet
988 2605 1151 2667 peccatorum
1167 2617 1226 2653 ocu·
1299 2657 1302 2662 ,

154 2671 229 2722 Hdss.
255 2669 408 2720 schwauken
428 2671 555 2720 zwrschen
575 2671 664 2719 incisi-
718 2671 818 2736 togatum
838 2683 917 2734 quom
930 2670 955 2717 si
969 2683 1021 2718 nou
1037 2672 1120 2736 possit
1136 2669 1222 2720 lutere.

152 2742 211 2791 tutu
222 2739 272 2788 und
284 2739 418 2788 inusitato.
719 2737 803 2789 Ueber
814 2735 894 2788 nihilo
903 2736 965 2803 plus
977 2753 997 2786 s.
1010 2749 1034 2788 a.
1045 2735 1062 2802 ξ
1075 2737 1116 2788 89.

189 2807 214 2857 9.
250 2807 287 2856 rbi
314 2804 479 2874 compulsam
504 2810 553 2854 eet.
590 2803 663 2854 Plato
755 2807 796 2858 18.
814 2806 1032 2868 inobediendo
1044 2805 1225 2871 montecucc-

154 2882 224 2938 sagt:
248 2867 408 2941 sadduceos
435 2864 485 2925 οὖν
512 2867 583 2942 μετὰ
610 2872 666 2922 uois
718 2878 820 2926 suatur.
859 2873 913 2924 lion
936 2873 1015 2925 liutiv
1041 2873 1106 2924 heim
1132 2872 1226 2925 Passiv

152 2939 246 2994 ἄλλων
265 2944 356 3009 τυχεῖν
375 2939 424 3006 τὴν
444 2936 599 3008 σφενδόνην
614 2941 665 2990 τοῦ
718 2949 787 2994 sotzt
800 2942 853 2993 Cic.
866 2941 970 2992 aurbei
983 2939 1076 2993 Verbis
1089 2941 1138 2992 wic
1150 2957 1225 3007 puae·

153 3009 303 3061 δακτυλίου
347 3003 551 3078 περιαγαγόντα
594 3005 666 3078 πρὸς
718 3013 751 3074 rs',
772 3009 870 3074 audiet,
891 3023 932 3058 wo
951 3009 1088 3061 derllativ
1101 3010 1226 3060 nichtso-

154 3073 255 3131 ἑαυτὸν
266 3079 306 3136 εὶς
317 3072 347 3127 τὸ
361 3079 425 3128 εἴσω
437 3077 484 3140 τῆς
491 3067 594 3147 χειρός.
718 3078 786 3128 wohl
799 3078 844 3128 das
855 3077 960 3140 Snbjeet
972 3091 1030 3127 von
1044 3078 1107 3142 dem,
1122 3079 1161 3128 als
1174 3076 1226 3128 fiir

192 3146 233 3198 11.
269 3147 296 3196 io
316 3145 409 3208 lomim,
429 3146 522 3208 sosdie
541 3143 663 3208 gehdrlge
717 3145 827 3196 welches
841 3151 922 3194 etwas
941 3145 1086 3209 susubium,
1108 3145 1226 3196 bezeich-

153 3214 251 3276 Stolle;
275 3213 345 3264 Brut.
366 3213 408 3276 79,
427 3213 478 3262 nri
494 3211 595 3262 nullum
612 3213 665 3262 uisi
717 3217 761 3264 net
772 3213 813 3275 (de
826 3225 880 3262 sen.
896 3209 936 3276 11,
949 3210 982 3261 38
1000 3224 1099 3280 suuper
1115 3215 1183 3263 enim
1198 3216 1225 3263 iu

153 3281 208 3332 loeo
217 3284 335 3348 positum
353 3285 520 3346 ettuomuum
531 3283 559 3330 iu
570 3283 663 3330 verou-
717 3283 758 3331 its
773 3279 865 3332 studius
882 3278 1062 3344 laboribusque
1073 3283 1164 3330 uehonti
1174 3295 1225 3330 ooo

152 3349 241 3401 ouloto
264 3349 411 3399 metimus
422 3379 444 3387 -
460 3351 587 3400 structum
607 3363 662 3399 oer-
716 3344 895 3414 intellegetur),
911 3345 963 3402 uod
979 3347 1045 3397 baim
1057 3348 1226 3414 participium

115 3449 119 3456 ·
152 3416 335 3469 homoidereo.
361 3417 392 3468 de
410 3417 460 3482 leg.
473 3414 504 3467 ill
518 3417 559 3482 18,
580 3417 614 3466 40
634 3419 663 3466 ot
717 3415 785 3468 Peri.
798 3417 880 3480 Pass,
901 3425 943 3464 wo
964 3414 1010 3465 ier
1025 3415 1103 3466 Datis
1122 3413 1225 3477 gleich-

153 3485 209 3538 loeo
221 3485 300 3548 dieat,
310 3485 386 3536 idest
397 3488 515 3550 rogatus.
716 3484 777 3536 iulis
791 3485 894 3535 dativus
906 3484 1030 3534 commodi
1042 3483 1078 3534 ist
1091 3484 1153 3534 oder
1166 3485 1224 3536 eine

189 3555 229 3606 16.
261 3556 286 3603 si
307 3553 397 3604 doleat
407 3555 508 3620 sopimus
522 3581 534 3592 -
548 3553 663 3618 quamsi
716 3551 1048 3613 tnniieheiiesishusgnas
1070 3555 1226 3604 *miracuta

152 3637 204 3672 non
216 3621 323 3672 macros
345 3621 395 3672 Der
404 3622 462 3671 eino
473 3619 530 3670 Fall
542 3620 664 3671 schliesst
716 3623 783 3672 mihi
793 3622 854 3671 suut
865 3639 877 3662 ι
886 3623 1049 3688 pertractato
1079 3622 1148 3671 obeo.

154 3691 370 3740 deniuderoaus
383 3688 664 3740 undwirddarmndcr
749 3689 891 3758 philosophi
918 3687 1036 3752 puidam,
1065 3687 1107 3739 dio
1129 3687 1226 3760 lipilro-

155 3759 251 3809 sweits
274 3757 302 3808 in
325 3758 374 3808 deo
397 3757 487 3808 Modus
517 3758 562 3808 iles
592 3756 664 3807 nicht
717 3771 783 3808 ruer.
818 3757 856 3806 lla
879 3755 925 3808 das
944 3754 1023 3808 hecht
1046 3757 1110 3808 uach
1127 3757 1227 3823 Epitnr

153 3825 321 3877 Wirlliohen
341 3831 453 3890 gesotzt,
475 3825 596 3876 wibreud
618 3826 664 3875 der
718 3825 789 3875 nieht
800 3817 884 3894 φύσει
896 3824 1006 3874 sondern
1019 3826 1096 3877 θέσει
1112 3825 1148 3876 ist
1161 3827 1191 3886 ts.
1204 3839 1226 3874 z.

154 3895 235 3945 ndre
247 3893 286 3945 als
298 3893 409 3958 miglioh
421 3893 529 3958 gedaoht
541 3893 584 3944 ist.
604 3891 663 3944 blan
717 3892 727 3945 l
744 3891 761 3958 b
775 3894 826 3958 14),
844 3907 874 3944 so
892 3891 958 3943 ison
978 3904 1007 3944 er
1024 3889 1066 3944 liir
1083 3893 1125 3944 dio
1143 3891 1228 3942 Belol·
