2800 4506
403 232 447 284 DE
463 230 601 282 orrlclrs
613 230 673 282 Lln.
687 230 727 283 lll.
755 231 827 284 CAP.
841 233 882 284 20.

1112 233 1172 298 221

103 389 200 448 latum
211 386 369 458 videretur,
382 386 416 458 0.
432 385 591 457 Metellum,
602 386 686 448 cuius
702 387 815 465 legatus
828 396 899 462 erat,
913 407 1065 450 summum
1078 388 1175 450 virum

105 480 136 533 et
162 472 267 544 civem,
299 490 367 532 oum
390 471 425 533 ab
448 492 492 542 eo,
519 472 697 552 imperatore
722 491 787 546 suc,
814 474 940 535 Romam
955 474 1066 534 missus
1087 484 1174 547 esset,

104 558 186 638 apud
200 558 343 637 populum
364 557 533 618 Romanum
554 557 730 618 criminatus
745 566 805 628 est,
827 559 938 620 bellum
953 559 1037 620 illurn
1053 559 1175 633 ducere3

105 644 132 704 si
148 661 181 703 se
198 643 352 704 considem
366 642 522 715 fecissent,
537 643 620 704 brevi
632 649 767 722 tempore
781 651 831 705 aut
843 643 943 705 vivum
959 653 1010 705 aut
1026 654 1178 706 mortuum

66 743 83 792 5
103 728 278 806 Iugurtham
301 747 333 788 se
348 728 379 788 in
394 735 572 806 potestatem
588 727 691 807 populi
704 728 831 790 Romani
845 730 1046 791 redacturum.
1075 730 1177 808 ltaque

104 817 202 874 factus
219 820 264 874 est
278 811 328 874 ille
343 813 463 910 quidem
479 814 592 884 consul,
608 813 661 874 sed
677 832 693 874 a
708 813 765 874 lide
777 814 949 894 iustitiaque
964 814 1110 886 discessit,
1127 815 1179 894 qui

105 899 256 978 optimum
272 905 303 958 et
321 897 528 976 gravissimum
548 898 655 972 civem,
678 898 761 960 cuius
783 901 897 979 legatus
913 913 943 960 et
958 919 974 960 a
990 919 1050 979 quo
1066 900 1177 961 missus

105 991 202 1056 esset,
223 983 256 1044 in
275 983 417 1044 invidiam
436 984 511 1046 falso
526 983 650 1046 crimine
671 983 836 1046 adduxerit.
867 985 910 1046 Ne
931 992 1034 1046 noster
1052 984 1175 1074 quidem
1195 991 1229 1042 80

106 1029 297 1130 Gratidianus
313 1055 452 1130 ollicio
426 1087 480 1129 vrrr
472 1067 568 1130 boni
588 1069 708 1130 functus
723 1076 768 1130 est
783 1079 861 1142 tum,
877 1089 944 1132 cum
961 1062 1081 1149 praetor
1095 1078 1226 1132 esset

50 1175 84 1225 10
104 1154 321 1234 collegiumque
336 1154 518 1251 praetorium
530 1153 643 1215 tribuni
654 1153 733 1234 plebi
745 1154 963 1228 adhibuissent,
979 1165 1013 1216 ut
1024 1175 1072 1216 res
1084 1173 1174 1216 num·

105 1239 200 1302 maria
222 1240 259 1300 de
280 1240 432 1300 communi
453 1239 601 1302 sententia
628 1240 877 1302 constitueretur:
904 1241 1068 1302 iactabatur
1093 1239 1174 1301 enim

104 1324 292 1404 temporibus
307 1324 363 1386 illis
378 1341 520 1386 nummus
536 1325 591 1397 sic,
607 1333 640 1386 ut
652 1345 742 1390 nemo
755 1321 856 1405 posset
867 1326 943 1388 scire
958 1325 1028 1405 quid
1042 1325 1173 1388 haberet.

105 1411 356 1489 Conscripserunt
382 1410 581 1472 communiter
607 1410 734 1472 edictum
755 1430 823 1472 cum
843 1430 938 1492 poena
959 1418 1047 1491 atque
1067 1410 1174 1474 iudicio

143 1601 165 1649 1
186 1599 214 1662 Q.
230 1597 343 1650 Metellus
360 1595 527 1661 Numidicus,
545 1600 613 1650 Cerr-

106 1635 612 1731 saleto(109);Sa11.1ug.64.tl01nm-

106 1751 186 1786 senr.
202 1735 232 1786 G.
246 1733 302 1802 llp.
318 1734 388 1785 1391.
414 1735 613 1800 DenBeinamen

106 1801 261 1854 Numidicus
278 1803 372 1853 erlrielt
390 1817 419 1852 er
432 1804 458 1852 in
470 1802 549 1866 Folge
562 1803 614 1855 sei-

107 1888 154 1922 nes
166 1870 275 1937 Krieges
291 1887 371 1936 gesen
388 1872 521 1934 iugurtha,
541 1887 615 1923 wenn

76 1940 78 1944 ’
107 1957 137 1991 er
155 1940 291 1991 denaelben
310 1940 373 1989 auch
395 1941 465 1990 niclrt
484 1957 516 1989 zu
534 1942 615 1991 einem

106 2006 614 2072 befriedigendenllndegebrachtlmtte.

144 2076 168 2126 2.
193 2077 298 2128 abeo-
311 2074 418 2126 llunmm
434 2079 530 2128 netem
541 2080 615 2128 esset.

107 2146 212 2196 Danaclr
228 2145 265 2196 ist
276 2144 372 2196 Marius
390 2145 437 2195 mit
455 2145 537 2195 ciuem
549 2143 614 2196 Aul-

107 2221 169 2278 trag
195 2213 260 2263 naclr
288 2212 349 2262 Rom
378 2214 522 2274 geschiclrt3
553 2215 617 2264 nach

108 2282 209 2334 Sallust
225 2281 324 2344 16364
344 2282 415 2330 hatte
436 2281 479 2331 ihn
496 2281 616 2332 Metellus

107 2366 157 2401 nur
173 2347 220 2399 aul
234 2349 328 2400 Urlaub
344 2349 475 2400 entlasscn
498 2349 550 2399 und
573 2351 616 2400 ilrn

107 2417 227 2469 iiberdies
241 2418 317 2467 durch
327 2417 398 2466 llolrn
410 2417 515 2481 gereizt.
534 2417 617 2469 Eten-

108 2503 138 2538 so
151 2484 218 2537 Plut.
231 2485 295 2536 Mar
314 2486 328 2534 8
351 2479 384 2536 σὺ
405 2482 437 2548 δὴ
459 2481 618 2538 καταλιπὼν

106 2544 618 2704 titi,tittittttttttiitttt

108 2684 455 2816 tttttlttlttiti
441 2691 618 2840 'lflilll‘i

107 2829 177 2884 παῖς
197 2775 256 2878 ulle
277 2829 326 2878 τοῦ
316 2775 488 2878 Metellos
512 2821 618 2882 uuerd-

108 2908 180 2948 πασι
191 2888 361 2962 μειράκιοι.

146 2964 169 3013 6.
187 2963 364 3014 redacturum:
384 2963 447 3013 Sall.
460 2961 514 3026 lug.
532 2963 565 3014 64
581 2964 622 3016 di-

108 3031 196 3084 rnidiu
204 3048 270 3099 pare
279 3033 411 3082 coercitus
422 3033 448 3080 ri
456 3033 509 3082 eidi
518 3035 622 3098 permii-

108 3106 218 3164 teretur,
239 3102 333 3167 pcuco'e
364 3099 622 3166 diebuslwurllcm

109 3173 136 3222 in
149 3171 248 3220 eatenis
260 3169 417 3233 latiturum,
426 3168 458 3217 ab
469 3171 623 3234 imperatore

109 3238 225 3289 consulto
238 3239 316 3293 traici,
338 3236 406 3302 quod
416 3237 489 3286 homo
501 3239 623 3287 inaniret

108 3309 202 3373 regiae
236 3306 371 3372 superbiae
404 3307 512 3372 imperio
545 3308 622 3356 nimie

109 3375 245 3441 gauderet.

148 3445 171 3494 7.
185 3445 259 3493 cuius
276 3441 375 3507 legatur
392 3443 417 3490 et
435 3456 452 3490 a
465 3457 513 3505 quo
525 3444 622 3491 micres

110 3515 190 3562 esset:
226 3510 291 3560 wird
329 3509 478 3560 wiederlrolt
507 3526 548 3560 um
578 3509 620 3562 die

110 3581 215 3642 Schnld,
229 3580 275 3628 der
287 3576 364 3628 laceio
375 3576 501 3640 mandati,
521 3577 561 3626 die
574 3577 621 3630 mit

110 3647 217 3698 lnsamie
230 3645 342 3697 bestraft
363 3647 458 3708 werde,
479 3648 621 3696 hervorzu-

110 3717 201 3767 leben.
225 3715 260 3766 Es
279 3715 332 3776 golt
345 3715 421 3764 sehon
434 3713 476 3764 liir
487 3715 546 3764 eine
556 3715 621 3765 Ver-

111 3785 217 3848 letznng
231 3783 276 3832 der
288 3783 381 3844 Pietiit,
404 3797 478 3832 wenn
501 3785 547 3834 der
567 3781 621 3834 frii·

111 3854 174 3904 here
186 3850 380 3904 Unterfeldherr
391 3865 472 3913 gegen
484 3851 532 3902 den
541 3849 621 3917 lmpe-

112 3929 186 3972 rator
198 3937 247 3972 vor
259 3918 365 3971 Gericht
373 3919 499 3982 Zengniss
510 3921 620 3988 ablegte.

672 1600 725 1650 div.
738 1601 763 1650 in
778 1599 850 1651 llaec.
867 1602 904 1663 19,
918 1603 949 1653 61
963 1605 1002 1651 eie
1013 1603 1176 1650 66666666-

671 1669 773 1718 iorilue
789 1671 886 1718 norim
906 1673 1056 1736 accepimus,
1074 1673 1178 1736 praelo-

671 1750 726 1785 rem
738 1740 868 1800 quaestori
882 1752 929 1786 suo
944 1741 1061 1802 parentis
1076 1738 1126 1788 loeo
1138 1754 1177 1786 es·

671 1819 699 1854 sc
711 1809 836 1871 oportere:
849 1803 944 1855 nullum
958 1821 1036 1869 neque
1045 1808 1178 1855 iustiorem

672 1887 749 1936 reoque
757 1875 905 1938 grauiorem
922 1887 1027 1924 caucum
1041 1875 1177 1923 necessitu-

673 1939 743 1990 dine
752 1953 825 2007 porse
846 1943 958 2008 reperiri
967 1956 1043 2006 quam
1056 1943 1176 1991 coniunc-

673 2010 768 2060 tionem
796 2012 881 2070 sortis,
920 2017 996 2074 quom
1023 2011 1177 2077 provinciae,

674 2091 750 2142 quem
762 2077 854 2143 officii,
867 2093 945 2144 quam
954 2077 1053 2146 publici
1061 2079 1177 2127 muneret

673 2148 829 2196 societatem.

694 2213 732 2264 ·8.
757 2211 796 2264 Ne
816 2218 900 2264 uerter·
924 2212 1026 2279 quidem
1047 2210 1178 2264 Gratidia-

674 2297 734 2332 nus:
746 2298 767 2330 z.
776 2281 839 2347 567.
855 2286 950 2342 noster,
963 2283 985 2332 d.
997 2283 1014 2331 i.
1025 2295 1103 2331 unser
1112 2281 1178 2332 Ver-

674 2350 799 2400 wandter.
818 2350 855 2400 llr
868 2365 921 2400 war
933 2350 1042 2401 Praetor
1054 2349 1103 2400 668
1114 2349 1178 2414 (86),

674 2417 714 2467 cle
727 2433 756 2468 er
779 2418 863 2469 diores
876 2417 952 2468 lldict
965 2417 1180 2468 vertiffentliehte.

676 2485 771 2536 Consul
783 2486 819 2536 ist
831 2501 859 2536 er
871 2486 942 2536 nicht
953 2487 1105 2548 geworden3
1118 2485 1182 2535 doch

676 2555 763 2602 wurde
774 2569 802 2603 er
811 2554 838 2603 in
844 2553 924 2618 Fulge
934 2555 1021 2604 seiner
1031 2553 1184 2604 Beliebtheit

676 2621 743 2673 belm
756 2622 838 2673 Volke
851 2622 900 2672 672
922 2622 977 2685 (82)
999 2638 1055 2672 num
1072 2621 1183 2671 aweiten

676 2690 744 2740 Male
759 2706 815 2740 zum
827 2689 934 2742 Praetor
947 2691 1063 2755 gewiihlt.

713 2760 753 2811 11.
788 2760 934 2810 iactabatur
949 2775 1117 2820 *nummum
1136 2758 1182 2808 der

678 2824 803 2878 Geldcnrs
817 2827 972 2880 schwanlrte
1008 2827 1062 2878 Ans
1080 2826 1145 2879 Plin.
1158 2843 1182 2876 ιι.

676 2895 701 2944 lr.
723 2895 878 2960 xxxiiia,
891 2897 923 2946 46
949 2897 1096 2962 ligaturam
1105 2897 1185 2962 fecta

675 2962 795 3014 denarios
805 2966 916 3030 probare
936 2968 989 3015 tam
1008 2963 1185 3030 1666666ρί6-

677 3031 789 3096 beilega,
811 3037 840 3082 61
852 3031 936 3083 Morio
951 3029 1184 3083 Gratidianom'ca-
1242 3085 1244 3088 .

676 3101 724 3148 tim
746 3104 811 3149 totae
834 3104 934 3150 etatum
963 3099 1093 3152 dicaverit
1124 3101 1185 3163 geht

675 3167 781 3228 hervor,
803 3168 862 3218 dass
884 3166 1116 3231 dieSehwanlrung
1138 3167 1183 3216 da-

676 3234 757 3286 dureh
769 3235 930 3300 eingetreten
945 3251 1007 3299 war,
1030 3237 1088 3286 dass
1102 3236 1183 3286 neben

677 3305 725 3354 den
746 3305 837 3355 lichten
857 3305 915 3356 eine
937 3304 1027 3367 Menge
1050 3304 1183 3369 plattirtsr

608 3400 611 3404 ·
676 3371 776 3422 Denare
789 3373 821 3423 im
835 3371 939 3425 Umlauf
950 3388 1044 3422 waren.
1081 3371 1116 3420 lls
1129 3371 1184 3435 galt

677 3441 731 3490 also
755 3443 800 3491 den
825 3441 998 3504 Silbergehalt
1017 3441 1062 3490 des
1087 3438 1182 3490 Geldes

675 3525 707 3558 zu
730 3509 821 3576 priilen
847 3511 896 3559 und
924 3525 956 3558 zu
973 3509 1136 3569 bestimmen;
1161 3523 1181 3558 s.

674 3577 813 3628 Mommsen
827 3581 888 3628 rdrn.
904 3577 1010 3627 Miinzw.
1024 3592 1046 3642 p.
1063 3576 1120 3627 383.

714 3646 751 3698 13.
769 3659 827 3704 cem
836 3661 920 3714 poena
931 3650 1004 3710 atque
1020 3645 1123 3709 iudicio,
1136 3645 1183 3694 mit

674 3714 844 3778 Festsetzung
859 3716 904 3766 der
917 3713 1001 3764 Strafe
1016 3713 1065 3763 nnd
1079 3715 1124 3766 des
1131 3713 1183 3764 Ge-

675 3783 764 3844 riclrts,
778 3798 827 3834 vor
840 3785 894 3833 dern
908 3783 948 3833 die
960 3782 1182 3846 Uebertretungen

674 3852 825 3902 verlandelt
843 3854 946 3902 werden
967 3851 1059 3902 sollen.
1079 3851 1137 3914 Vgl.
1156 3852 1182 3901 in

675 3920 752 3972 Verr.
763 3919 771 3971 l
782 3920 824 3984 42,
838 3920 884 3970 105
901 3919 1018 3971 Cornelia
1030 3920 1095 3983 (lem)
1109 3934 1183 3969 rrum-
