2768 4506
184 234 225 295 36

490 229 533 281 DE
547 227 682 282 opulens
694 229 752 282 [ΑΒ.
768 227 787 280 l.
804 228 874 280 CAP.
888 229 911 280 2.
926 229 950 278 3.

184 387 333 450 institutio
350 375 438 447 debet
453 403 468 445 a
485 383 659 446 delinitione
680 383 840 463 proficisci,
862 391 895 444 ut
914 381 1103 459 intellegatur
1125 381 1196 460 quid
1219 383 1261 443 sit

147 481 166 532 3
182 473 221 543 id,
238 472 275 532 de
291 489 350 550 quo
366 471 544 550 disputetur.
558 505 570 533 s
587 504 625 533 a*
642 468 745 530 Omnis
762 468 798 528 de
814 467 912 529 olfieio
928 467 1038 546 duplex
1049 475 1095 528 est
1112 467 1260 546 quaestio.

183 559 283 619 Unum
295 574 390 634 genus
401 564 455 625 est,
464 554 544 634 quod
556 554 687 632 pertinet
697 555 735 614 ad
746 554 838 613 finem
849 552 1010 624 bonorum,
1027 553 1162 624 alterum,
1175 553 1259 632 quod

183 642 313 720 positum
336 640 433 701 estin
458 639 636 719 praeceptis,
665 638 773 718 quibus
793 638 825 699 in
842 655 947 698 omnes
963 644 1062 716 partes
1083 655 1157 697 usus
1180 636 1260 698 vitae

183 725 364 787 conformari
379 725 483 803 possit.
515 724 683 802 Superioris
699 723 815 802 generis
831 721 921 784 huius
937 722 1018 782 modi
1031 729 1103 782 sunt
1115 723 1261 800 exempla,
1285 731 1299 778 5

184 811 322 872 omniane
339 809 435 871 oflicia
449 809 580 888 perfecta
592 807 662 881 sint,
676 827 749 869 num
762 807 842 887 quod
854 806 986 868 officium
999 806 1078 902 aliupl
1091 805 1147 867 alio
1160 806 1259 868 maius

184 895 232 965 sit,
249 904 279 956 ot
294 913 369 972 quae
385 903 456 954 sunt
471 893 589 972 generis
605 892 748 955 eiusdem.
779 892 860 964 Quae
875 899 975 953 autem
988 891 1157 952 officiorum
1169 907 1259 970 prae-

184 987 268 1059 septa
284 981 460 1057 traduntur,
485 999 518 1042 ea
539 997 722 1058 quamquam
744 978 897 1056 pertinent
918 976 954 1036 ad
981 977 1072 1038 linem
1094 977 1257 1046 bonorum,

183 1073 284 1125 tamen
300 1065 400 1126 minus
416 1065 445 1125 id
461 1071 591 1144 apparet,
609 1063 678 1142 quia
694 1063 787 1141 magis
802 1064 839 1123 ad
851 1061 1068 1122 institutionem
1081 1061 1158 1122 vitae
1171 1079 1259 1121 ronr-

184 1149 284 1210 munis
300 1157 433 1229 spectare
448 1149 600 1223 videntur3
617 1148 653 1209 de
668 1149 775 1228 quibus
793 1155 838 1208 est
853 1145 938 1208 nobis
953 1147 1001 1206 his
1013 1145 1096 1206 libris
1109 1145 1261 1224 expliean·
1286 1157 1315 1208 10

149 1245 163 1293 8
182 1235 264 1295 dum.
295 1236 400 1314 [Atque
416 1235 505 1296 etiam
522 1233 575 1294 alia
592 1232 695 1300 divisio
708 1239 753 1294 est
765 1231 863 1294 officii.
888 1232 961 1292 Nam
975 1237 1005 1291 et
1016 1231 1147 1293 medium
1162 1231 1259 1309 quod·

182 1441 216 1491 lV
230 1441 272 1505 38,
285 1442 316 1492 83
334 1443 422 1506 Itaque
440 1456 490 1490 uon
505 1441 621 1504 fortuite
636 1442 694 1505 fae-

183 1515 240 1560 tum
252 1508 357 1570 videtur,
370 1507 415 1558 sed
425 1524 441 1557 a
453 1512 479 1558 te
490 1504 594 1558 ratione
603 1522 693 1574 propo·

183 1581 271 1628 silum.
304 1577 334 1626 de
348 1576 388 1626 lin.
404 1575 422 1639 l,
438 1578 478 1639 10,
491 1576 523 1626 32
541 1577 586 1640 qui
595 1577 694 1626 eduae

182 1645 329 1711 voluptutem
341 1645 412 1709 sequi
422 1645 546 1694 nesciunt.

219 1712 240 1762 1.
269 1712 420 1778 definitione.
453 1711 514 1762 llier
538 1711 617 1763 sollte
641 1729 692 1760 nnn

184 1780 225 1830 die
249 1781 360 1831 stoiselre
388 1780 527 1831 Definition
556 1778 692 1844 angeliihrt

183 1849 301 1914 werdon,
318 1849 369 1898 wie
388 1849 426 1898 sie
444 1848 518 1912 llius.
537 1848 624 1899 Laert.
645 1847 691 1899 Vll

185 1917 232 1965 107
255 1917 338 1980 giebt:
358 1916 396 1968 ἔτι
414 1915 443 1968 dt
460 1909 591 1991 καθῆκόν,
602 1928 692 1984 φασιν

183 1981 267 2072 εἶναι,
283 1979 319 2066 1ὂ
343 1983 469 2068 πραχθὲν
493 1981 610 2050 εὔλογον
629 1999 691 2066 ,τινα

182 2051 691 2183 111111111111111111111;

182 2203 237 2304 wehs
249 2188 464 2320 pahrscheirpligelr
482 2195 537 2304 erpi
548 2187 618 2304 pasl
629 2187 692 2305 itliu-

186 2271 212 2304 se
231 2271 253 2305 re
272 2271 304 2304 un
335 2271 386 2305 von
473 2270 547 2306 esee
567 2270 692 2314 en1s‚1n

181 2272 501 2374 demdieseslbellelinitgion
508 2323 554 2374 aul
561 2322 692 2374 diomedia

182 2390 273 2456 offiet'a
285 2392 437 2455 angewandt
450 2392 521 2442 wind.

217 2459 241 2508 2.
264 2458 360 2528 duplos
377 2465 416 2511 est
433 2463 557 2526 quaestio.
574 2458 620 2510 Die
639 2459 691 2508 Ab·

95 2539 98 2546 ⁴
180 2527 309 2592 handlung
320 2529 384 2579 iiber
397 2530 438 2580 die
450 2527 534 2579 Moral
547 2526 652 2580 zerl‘dllt
664 2527 690 2577 in

182 2595 222 2644 die
245 2595 441 2660 Untersuehung
464 2597 526 2647 iiber
549 2597 593 2646 das
611 2596 691 2658 allge-

181 2664 264 2713 meiue
277 2663 387 2730 Princip,
401 2664 443 2714 bei
456 2664 504 2714 den
515 2663 636 2714 Stoilrern
650 2663 690 2712 die

181 2729 265 2794 Frage
281 2732 344 2782 nauli
362 2733 417 2782 dem
434 2733 558 2782 hdehsten
577 2729 643 2781 Gute
657 2733 688 2794 (s.

183 2797 278 2864 Einl.§
297 2799 340 2862 18)
358 2801 408 2850 und
425 2800 452 2848 in
469 2799 542 2848 einen
561 2799 690 2865 pariineti·

182 2866 259 2916 selren
275 2867 363 2932 Thali,
386 2868 412 2917 in
430 2867 552 2918 welchem
569 2865 611 2916 die
628 2866 691 2916 Ein-

183 2934 399 2986 zelvorselrriften
422 2933 464 2984 liir
481 2937 526 2984 das
543 2935 628 2984 Leben
648 2935 691 2984 bo·

182 3001 285 3052 hundelt
298 3003 411 3053 werden.
446 3001 479 3053 So
497 3003 612 3054 scheidet
631 3002 689 3053 Seu.

182 3085 220 3135 ep.
235 3071 302 3130 94,1
323 3087 382 3122 eam
395 3075 495 3138 purtem
512 3069 691 3139 philosophiae,

183 3138 305 3202 quaedut
326 3142 434 3208 propriu
456 3141 547 3204 suique
567 3155 692 3207 personae

179 3211 317 3274 praesepta
333 3210 384 3257 ned
397 3209 454 3274 ipsa
470 3206 573 3258 decreta
583 3207 692 3275 pdoleso·

179 3275 257 3341 plle'ae
274 3279 530 3342 eonstitutiouemque
542 3278 606 3327 boui.
632 3276 692 3326 Die·

183 3342 253 3392 selbe
263 3342 485 3408 Unterselreidung
496 3347 585 3394 deutet
594 3343 647 3394 Cio.
661 3359 692 3394 an

182 3407 257 3460 Tnse.
267 3412 291 3463 V
301 3413 343 3476 24,
352 3412 386 3463 68
397 3411 463 3463 ulter
479 3415 507 3462 in
523 3411 694 3477 deseriplioue

181 3479 381 3544 expetendarum
395 3480 636 3546 fugiendarumque
651 3493 692 3529 re·
710 3508 716 3517 -

181 3560 242 3596 rum
252 3553 276 3598 el
284 3551 311 3599 ie
319 3551 418 3600 saliem
428 3547 534 3599 vivendi.
548 3563 569 3597 s.
581 3546 691 3598 Wesen-

182 3612 280 3675 bergz.
293 3617 316 3666 d.
331 3617 368 3666 St.

216 3681 242 3730 4.
278 3699 342 3734 usus
361 3685 427 3734 vitae
447 3685 623 3751 conservaturi,
649 3683 690 3733 die

182 3747 275 3802 Praxis
292 3751 336 3800 des
349 3749 448 3802 Lebens
460 3752 578 3815 geregelt
595 3752 690 3801 werde.

218 3819 243 3869 6,
271 3821 389 3870 omniane
401 3819 491 3884 officia
520 3820 618 3884 erfeeta
631 3821 688 3870 siut.

181 3888 245 3939 Hier
254 3889 312 3939 sind
322 3888 362 3938 die
372 3887 418 3938 aul
428 3888 470 3938 dia
506 3888 588 3952 ugend
598 3887 690 3950 beziig-

749 1437 1004 1489 lichenPiliehtenim
1012 1436 1156 1500 Gegensatz
1167 1453 1199 1487 zu
1211 1438 1260 1487 den

748 1504 795 1556 aul
801 1505 843 1555 die
857 1507 964 1556 {iussero
979 1505 1060 1567 llinge
1073 1505 1203 1567 gehenden
1213 1521 1260 1568 ge-

747 1571 1014 1637 meint3s.liiol.§2l.
1043 1572 1260 1624 Werwierlristo

748 1644 777 1705 (s.
792 1641 808 1707 ξ
823 1641 851 1706 6)
868 1643 916 1691 den
935 1639 1194 1692 Werthuntersolried
1214 1642 1260 1691 der

747 1712 871 1761 letzteren
893 1725 957 1772 ganz
982 1710 1114 1772 hugueta,
1142 1707 1184 1757 fur
1210 1709 1259 1759 deu

746 1780 841 1829 konnte
852 1793 879 1828 es
889 1778 954 1826 ench
963 1777 1038 1828 keine
1048 1775 1093 1826 aul
1101 1776 1258 1841 diesolliuge

745 1846 910 1910 beziiglielren
920 1845 1043 1897 Pdielrten
1052 1844 1149 1907 (medie
1157 1845 1257 1910 effloret

746 1915 835 1978 geben.
861 1914 961 1963 llbense
975 1913 1051 1963 istos
1065 1913 1122 1963 eine
1136 1913 1258 1976 streitige

745 1982 838 2046 Frage,
851 1982 882 2031 ob
896 1981 936 2031 ein
947 1981 1055 2032 Confliot
1067 1980 1199 2032 zwisalten
1209 1980 1258 2030 den

746 2051 868 2102 Piliehten
881 2049 992 2111 moglieh
1004 2049 1039 2099 ist
1052 2051 1124 2112 (num
1135 2047 1202 2113 quod
1211 2051 1258 2114 eff.

747 2136 768 2156 ’-
779 2121 866 2168 maius
878 2119 929 2180 sit),
948 2118 980 2167 da
997 2117 1062 2167 doeh
1079 2118 1131 2168 elle
1143 2115 1190 2167 suf
1200 2116 1256 2166 die·

747 2187 818 2236 selbo
831 2186 936 2248 Tupend
949 2185 1136 2248 uuriiekgehen.

782 2256 806 2305 7.
833 2254 903 2316 (letae
916 2257 1009 2304 autem
1028 2253 1073 2302 llie
1086 2253 1162 2303 lldss.
1173 2252 1258 2302 haben

747 2337 855 2388 querum
865 2325 959 2383 eutem,
974 2321 1037 2372 aber
1046 2319 1190 2371 niehtiiber
1199 2321 1258 2370 eine

746 2391 891 2441 bestimmte
898 2388 988 2440 Classe
998 2387 1179 2439 vonPllielrten
1189 2403 1259 2438 wer·

746 2461 795 2510 den
808 2457 991 2509 Vorselrrilten
1010 2457 1125 2519 ertheilt‚
1145 2456 1257 2506 sondern

745 2527 801 2578 dem
810 2525 1000 2576 theoretisohen
1009 2525 1100 2576 Theile
1110 2524 1156 2572 der
1165 2523 1259 2574 Pilioh·

744 2594 861 2645 tenlelire
882 2594 932 2644 soll
945 2595 992 2644 der
1004 2593 1150 2658 prektisehe
1169 2600 1258 2654 entge-

744 2662 1013 2724 sensesetztwerden
1024 2660 1114 2710 derdie
1119 2663 1259 2727 praecepta

744 2732 789 2797 eff.
803 2730 911 2780 enthiilt.
1094 2743 1095 2750 ¹
1110 2750 1120 2762 =

781 2799 821 2851 11.
844 2801 942 2863 Atque:
951 2797 1015 2848 iiber
1026 2793 1194 2868 κατόρθωμα
1207 2795 1258 2845 und

744 2867 869 2931 καθῆκον
887 2882 908 2916 s.
927 2865 994 2916 Einl
1015 2864 1031 2930 5
1050 2865 1089 2914 20.
1134 2863 1259 2925 Obgleieh

746 2935 803 2985 eine
821 2933 1019 2996 Entwielrelung
1042 2933 1129 2983 dieser
1148 2931 1258 2994 Begrill‘e

745 3003 802 3054 hier
823 3017 863 3052 am
876 3003 964 3053 Platae
983 3001 1055 3052 wilre
1070 3002 1121 3052 und
1138 2999 1257 3050 einzelne

746 3071 822 3120 sutae
848 3071 896 3120 den
920 3069 1052 3120 Eindruek
1078 3068 1194 3129 macheu,
1217 3068 1258 3117 uls

746 3140 834 3190 wdren
847 3140 886 3190 sie
906 3154 956 3188 von
973 3139 1062 3188 Cicero
1079 3135 1259 3196 aeschrione,

746 3209 847 3258 missen
860 3211 911 3256 wir
920 3206 985 3256 doeh
994 3206 1040 3255 den
1052 3219 1148 3266 genuen
1159 3201 1261 3265 folgen-

747 3277 793 3324 den
815 3273 832 3338 §
853 3273 896 3325 liir
917 3272 1138 3336 untergeselroban
1160 3271 1258 3321 holten.

746 3344 817 3393 Dens
840 3345 862 3403 1)
881 3342 951 3392 wilre
969 3356 996 3391 es
1013 3340 1166 3403 sonderber‚
1183 3354 1260 3392 wenn

748 3411 800 3461 cie.
813 3408 881 3470 1113,
895 3411 936 3473 14,
949 3426 989 3460 wo
1003 3423 1032 3458 er
1041 3407 1154 3458 dieselbe
1164 3406 1259 3458 [luter-

744 3478 883 3541 scheidung
894 3477 1031 3544 besprieht,
1045 3476 1116 3526 nieht
1128 3473 1174 3525 aui
1183 3473 1255 3528 dieas

744 3545 826 3596 Stelle
849 3547 931 3608 Bezog
953 3559 1098 3608 genennae
1121 3539 1206 3602 hlitte;
1231 3545 1257 3604 21

745 3613 867 3664 sehliasst
876 3613 931 3665 siolr
943 3612 959 3678 ᾖ
973 3614 988 3664 9
1001 3627 1050 3674 eng
1061 3627 1093 3662 an
1106 3611 1121 3677 ς
1135 3613 1149 3661 7
1162 3609 1194 3660 de
1202 3615 1258 3676 qui-

744 3684 791 3732 dus
803 3685 842 3732 est
853 3682 924 3731 eous
935 3681 975 3730 dis
987 3680 1061 3732 luris
1073 3677 1257 3746 suplicandum

744 3765 789 3811 an;
802 3749 827 3813 3)
838 3749 873 3800 ist
883 3745 1257 3800 desGenzeeineverworreue

744 3815 1257 3882 nudungesehiekteZusammenstellung

745 3900 791 3936 ans
803 3884 869 3951 1113,
884 3885 916 3936 14
928 3887 978 3936 und
997 3884 1131 3936 vielleieht
1147 3885 1178 3934 de
1196 3882 1258 3934 fini-
