2768 4506
366 269 410 320 DE
422 267 560 322 nantolis
572 223 633 321 LlB.
645 268 663 319 l.
691 268 872 323 1111111.
1111 274 1152 335 67

75 423 251 502 Contraque
266 424 300 484 in
314 422 458 497 laudibus,
468 442 544 502 quae
556 441 664 502 magno
676 423 775 486 animo
786 423 905 486 fortiter
917 425 1152 506 excellenterque

73 516 160 588 gesta
180 517 262 580 suut,
286 527 321 569 ea
344 508 444 570 nescio
465 527 523 588 quo
539 509 628 569 modo
649 509 734 588 quasi
754 509 887 588 pleniore
909 527 960 570 ore
984 511 1150 572 laudamus.

74 594 155 654 ilinc
171 595 328 655 rhetorum
343 611 466 672 campus
482 594 518 654 de
533 593 714 667 Marathone,
732 594 891 667 Salamine,
905 595 1040 667 PlataeiS,
1053 595 1148 657 Ther-

75 679 214 758 mopylis,
230 679 376 751 Leuctris,
393 679 464 739 hinc
478 687 582 739 noster
597 678 709 752 Cocles,
723 679 795 741 hinc
809 679 900 757 Decii,
916 679 987 742 hinc
1003 680 1056 742 Cn.
1072 689 1102 742 et
1117 683 1149 742 P.

38 782 52 829 5
73 764 244 843 Scipiones,
260 763 331 824 hinc
345 761 382 823 ll.
398 764 561 834 Marcellus,
571 763 805 826 innumerabiles
816 765 874 840 alii,
886 765 1076 846 maximeque
1086 767 1151 845 ipse

72 850 207 930 populus
218 851 373 910 Romanus
393 847 485 911 animi
503 849 708 927 magnitudine
727 849 851 911 excellit.
868 850 1038 912 Declaratur
1049 861 1151 912 autem

74 934 214 996 studium
229 933 351 995 bellicae
366 932 491 1012 gloriae,
511 934 592 1014 quod
612 942 726 996 statuas
747 953 868 1014 quoque
888 935 1022 996 videmus
1043 944 1151 999 ornatu

73 1020 139 1080 fere
155 1019 285 1081 militari.

164 1104 224 1165 Sed
240 1123 274 1165 ea
289 1103 382 1166 animi
397 1103 493 1175 elatio,
509 1121 584 1182 quae
599 1103 733 1164 cernitur
746 1103 778 1163 in
796 1103 935 1182 periculis
952 1113 982 1165 et
992 1103 1152 1177 laboribus,
1168 1121 1205 1175 11

26 1206 55 1256 10
73 1190 102 1251 si
117 1189 233 1251 iustitia
247 1196 331 1250 vacat
342 1195 513 1268 pugnatque
525 1205 588 1248 non
600 1206 655 1268 pro
668 1189 763 1250 salute
776 1189 938 1262 communi,
955 1191 1009 1250 sed
1021 1208 1074 1270 pro
1087 1191 1151 1251 suis
1170 1198 1204 1248 62

75 1275 258 1347 commodis,
273 1273 306 1334 in
320 1275 390 1335 vitio
406 1282 459 1334 est.
490 1271 558 1333 Non
573 1273 663 1334 modo
679 1273 760 1335 enim
775 1273 806 1335 id
821 1274 938 1335 virtutis
953 1283 1081 1348 nonest,
1098 1276 1151 1336 sed

76 1369 124 1422 est
137 1359 241 1440 potius
256 1359 439 1420 inmanitatis
454 1375 578 1418 omnem
593 1358 810 1420 humanitatem
834 1360 1015 1438 repellentis.
1049 1360 1151 1440 ltaque

74 1445 171 1525 probe
187 1444 360 1506 delinitura
376 1442 483 1504 Stoicis
498 1443 660 1517 fortitudo,
684 1462 754 1505 cum
771 1463 836 1506 eam
852 1445 994 1506 virtutem
1016 1465 1083 1506 esse
1104 1446 1150 1505 di-

78 1537 152 1592 cunt
167 1535 408 1610 propugnantem
424 1547 479 1608 pro
494 1529 651 1608 aequitate.
680 1529 826 1602 Quocirca
842 1548 943 1601 nemo,
959 1530 1011 1610 qui
1025 1530 1151 1592 fortitu-

25 1629 53 1678 15
74 1615 155 1677 dinis
170 1615 296 1693 gloriam
311 1620 494 1675 consecutus
506 1623 551 1675 est
562 1613 680 1674 insidiis
693 1621 723 1674 et
735 1615 853 1686 malitia,
870 1615 987 1677 laudem
1001 1622 1046 1676 est
1059 1616 1149 1694 adep·
1258 1649 1259 1652 ¹

73 1709 140 1761 tus:
157 1699 234 1761 nihil
248 1700 410 1761 honestum
426 1717 492 1760 esso
504 1706 613 1778 potest,
630 1699 710 1778 quod
721 1699 834 1761 iustitia
846 1708 938 1761 vacat.
962 1700 1150 1762 Praeclarum
1169 1713 1201 1763 63

74 1785 169 1864 igitur
183 1785 256 1845 illud
272 1781 422 1846 Platonis:
447 1783 533 1844 ‘Non’
548 1783 770 1864 inquit‘solum
787 1783 924 1857 scientia,
948 1804 1024 1865 quae
1039 1793 1086 1846 est
1100 1804 1150 1846 re-

75 1878 158 1933 mota
173 1870 211 1931 ab
225 1869 351 1942 iustitia,
366 1868 508 1930 calliditas
523 1868 623 1949 potius
638 1887 728 1949 quam
744 1869 888 1948 sapientia
904 1879 950 1954 est
965 1870 1149 1949 appellanda,

74 1973 180 2018 rerum
193 1954 285 2016 etiam
298 1954 416 2016 animus
426 1962 546 2033 paratus
558 1955 594 2015 ad
607 1955 783 2032 periculum,
799 1952 824 2014 si
836 1973 887 2015 sua
899 1955 1070 2034 cupiditate,
1086 1971 1149 2015 non

22 2048 54 2097 20
77 2039 368 2102 utilitatecommnni
379 2039 551 2118 impellitur,
558 2039 699 2100 audaciae
709 2039 808 2118 potius
821 2057 933 2101 nomen
944 2039 1050 2101 haheat
1059 2059 1149 2119 quam

74 2125 283 2187 fortitudinis.¹
317 2125 421 2204 ltaque
435 2125 514 2185 viros
529 2124 624 2184 fortes
640 2132 669 2185 et
684 2125 890 2202 magnanimos
907 2126 1028 2186 eosdem
1052 2124 1148 2186 bonos

74 2221 104 2274 et
119 2211 279 2290 simplices,
302 2209 434 2272 veritatis
449 2209 560 2270 amicos
576 2208 758 2288 minimeque
773 2209 890 2271 fallaces
906 2229 971 2274 esse
992 2212 1147 2272 volumus:

74 2437 168 2487 liuto
187 2435 257 2486 wohl
274 2435 315 2484 111
340 2432 525 2500 Schinplnume
542 2450 587 2498 gc·
674 2437 768 2485 ornatu
778 2435 843 2500 sere
853 2433 966 2484 militari
970 2450 976 2482 :
987 2434 1053 2499 sere
1063 2434 1148 2496 meist,

73 2505 184 2556 braueht
206 2503 324 2566 werden,
349 2503 400 2552 wie
422 2503 449 2552 iu
467 2504 586 2554 auduom
641 2501 817 2566 gewdhulich,
835 2501 863 2552 in
881 2502 928 2551 der
945 2501 1037 2563 hegeh
1056 2517 1077 2552 s.
1091 2499 1147 2552 ull

3 2585 4 2592 ¹
74 2574 154 2624 Siuoe
173 2573 216 2622 hei
239 2571 347 2622 Plautus
365 2570 449 2634 hdofig
466 2572 586 2620 Acheron
641 2568 657 2635 ᾗ
671 2569 711 2619 69.
729 2569 794 2620 Plio.
808 2576 861 2619 nat.
872 2567 1062 2620 hist..XXXlV
1077 2571 1092 2620 5
1107 2570 1147 2631 10,

74 2641 218 2706 gebraucht
229 2639 273 2689 ist.
289 2699 291 2702 Ι
641 2653 681 2688 wo
695 2653 724 2688 er
735 2651 786 2687 von
800 2639 846 2688 der
858 2637 927 2688 suto
936 2638 1074 2688 Meuschen
1084 2637 1144 2688 Sta-

109 2709 132 2758 3.
158 2709 224 2759 Hinc
238 2708 304 2758 rieul.
324 2721 443 2774 campus,
460 2707 484 2756 d.
496 2706 515 2772 i.
527 2707 587 2756 diue
640 2713 702 2756 tuan
711 2722 743 2756 zu
753 2712 839 2756 setzeu
850 2707 956 2772 spricht,
966 2712 1036 2769 sagi:
1051 2703 1148 2756 Greew

70 2778 116 2842 fit,
128 2780 159 2828 ut
171 2774 259 2826 lauder
267 2773 428 2826 Mwaibonie
440 2775 587 2824 111111111-
641 2789 683 2825 rea
698 2774 764 2824 urbii
776 2775 871 2840 uehere,
884 2779 913 2824 at
930 2777 1021 2826 eontra
1034 2773 1148 2824 limacea

74 2860 135 2895 rum
145 2857 263 2910 campus.
286 2843 325 2892 Zu
336 2844 395 2892 irinc
403 2847 491 2892 noster
505 2840 587 2892 Cocles
641 2858 672 2893 ec
683 2841 809 2894 uuidar-is
820 2845 937 2894 thoracas
948 2841 1051 2893 addere.

73 2929 144 2964 muse
155 2927 214 2963 1111
226 2913 282 2962 sich
295 2912 418 2961 (1111111
429 2912 493 2960 rhet.
506 2925 586 2977 camp.
676 2911 717 2963 13.
738 2913 831 2977 probe,
850 2912 873 2961 d.
887 2912 903 2960 i.
918 2915 995 2973 recte,
1005 2909 1145 2977 praeclare.

74 2982 117 3031 eiu
130 2980 244 3033 Verbum
256 2980 423 3030 verwaudtan
441 2979 533 3029 Sinues
546 2993 587 3028 er·
674 2977 803 3042 definitur
814 2995 831 3030 o
844 2978 946 3030 Stoicis.
975 2980 1041 3030 Eine
1052 2980 1147 3028 andere

73 3051 180 3112 gtiuzeu,
190 3048 247 3098 also
257 3063 274 3096 e
283 3047 426 3098 rhetoribus
435 3045 586 3097 mudantur.
640 3047 778 3097 Definition
791 3048 831 3097 uls
844 3048 885 3098 die
898 3049 924 3097 iu
937 3048 984 3097 der
996 3047 1147 3110 Einleituug

74 3119 105 3167 de
116 3117 159 3167 tiu.
172 3115 194 3166 ll
207 3116 249 3179 31,
264 3115 311 3168 103
325 3115 425 3182 quodsi
433 3114 487 3165 dier
497 3117 587 3164 aeteu—
639 3113 773 3178 gegeheuo.
788 3115 862 3166 ruse.
872 3115 906 3168 lV
916 3116 957 3180 24,
968 3118 1001 3166 53
1013 3113 1148 3166 Fortitudo

74 3185 123 3237 dur
135 3185 200 3250 fuit,
213 3200 304 3234 eumne
312 3187 398 3250 putiau
407 3186 587 3248 quonatueeu
640 3187 677 3232 ert
695 3185 804 3232 edentia
825 3197 915 3235 rorum
930 3183 1148 3252 perferendarum

74 3254 304 3319 eramquorapiane
313 3250 587 3308 faetueestluiimlich
639 3249 678 3301 uel
697 3249 806 3317 adfectio
827 3253 910 3301 enimi
930 3254 959 3301 iu
980 3251 1100 3318 pattendo
1117 3265 1148 3299 ac

73 3323 291 3388 notorioportuit.
305 3320 356 3383 vgl.
369 3337 391 3369 z.
405 3318 508 3384 ll§84.
639 3319 791 3388 perferendo
823 3335 939 3370 summae
970 3318 1024 3384 legi
1053 3333 1149 3386 parem

112 3390 155 3441 Cn.
176 3393 201 3439 et
220 3388 250 3438 P.
272 3386 417 3455 Scipiones,
441 3389 487 3437 der
503 3385 585 3438 Vater
639 3389 808 3438 ciuetimore.

74 3458 125 3507 und
143 3457 232 3509 Oheim
256 3457 301 3507 des
319 3457 419 3507 ’tiltereu
437 3453 585 3518 Africanus,
675 3456 714 3508 17.
735 3453 801 3506 iliud
811 3457 938 3508 Platonis:
950 3454 1017 3505 Men.
1033 3469 1057 3519 p.
1070 3455 1147 3504 246n

75 3526 117 3576 dio
129 3524 205 3575 heidc
218 3525 245 3575 iu
257 3525 365 3589 Spauiou
378 3539 457 3588 gegeu
470 3523 585 3572 llasdru-
638 3524 718 3574 πᾶσα
728 3517 865 3592 ἐπιστήμη
873 3523 1047 3607 χωριζομένη
1061 3519 1148 3572 denar-

74 3593 117 3644 hal
130 3593 208 3644 halcu
221 3593 255 3642 im
267 3593 289 3642 d.
304 3593 354 3642 542
367 3592 450 3658 (212).
469 3588 501 3641 Μ.
515 3589 585 3642 Μαν-
639 3581 738 3656 oddone
752 3594 799 3642 καὶ
815 3593 862 3657 τῆς
878 3588 959 3655 cilice
970 3590 1066 3658 αρετῆς
1076 3607 1147 3642 παν·

74 3661 152 3712 cerrus
164 3661 211 3711 aer
223 3661 313 3723 sugo
325 3661 387 3710 111·
398 3659 525 3710 nannum
536 3658 579 3708 11
634 3662 743 3732 ουργῑα,
768 3657 800 3711 ou
823 3663 912 3728 copta
931 3645 1067 3727 parvam.
1095 3658 1149 3709 rur

73 3729 140 3780 Nola
151 3729 205 3779 und
217 3729 347 3779 liroherer
357 3745 409 3779 von
420 3727 546 3794 Syrakus.
635 3727 683 3777 deu
709 3729 818 3778 zwoiteu
842 3729 918 3780 Thoil
941 3728 984 3780 des
1009 3727 1099 3778 Satzes
1124 3743 1145 3777 1.

109 3799 133 3848 i.
161 3797 280 3848 studium
302 3795 354 3846 bell.
370 3797 481 3861 gloriae:
505 3794 581 3844 darin
636 3795 713 3845 Lach.
735 3813 758 3862 p.
787 3798 859 3850 1973
883 3799 966 3848 ταῦτα
990 3791 1051 3859 οὖν,
1071 3789 1089 3846 di
1113 3791 1148 3845 od

74 3867 144 3930 zcigt
175 3866 232 3916 sich
262 3866 401 3916 hesouders
431 3865 476 3914 dio'
500 3863 584 3913 animi
637 3865 725 3918 καλεῖς
738 3858 852 3934 ἀνδρεῖα
868 3872 915 3920 καὶ
933 3871 960 3920 oi
975 3875 1080 3942 πολλοί,
1092 3882 1144 3950 ἐγώ

73 3933 232 4000 magnitudo.
612 3997 614 4000 Ι
638 3933 841 4000 θρασέακαλῶ.

896 4029 933 4080 ὅ*
