2768 4498
412 262 455 312 nn
468 252 602 314 drrlcils
613 262 672 314 nin.
685 262 714 314 ll.
738 262 808 314 CAP.
825 264 863 314 18.

1102 266 1155 325 161

94 419 171 478 haec
185 417 351 495 benignitas
368 418 457 478 etiam
471 418 515 478 rei
530 417 664 496 publicae
690 425 734 479 est
754 418 844 490 utilis,
862 418 970 479 redimi
987 439 1003 479 e
1020 417 1161 480 servitute

95 513 208 582 captos,
223 502 397 581 locupletari
411 503 580 563 tenuiores:
596 503 675 582 quod
683 504 802 582 quidem
814 505 898 582 volgo
914 505 1035 564 solitum
1052 505 1115 565 lieri
1126 503 1161 564 ab

94 589 200 650 ordine
236 597 341 649 nostro
368 588 400 647 in
430 588 563 648 oratione
587 589 683 649 Crassi
706 589 848 668 scriptum
873 590 993 668 copiose
1015 589 1158 650 videmus,

92 675 179 735 Hanc
194 691 249 750 ego
265 673 512 734 consuetudinem
528 673 720 752 benignitatis
735 675 881 752 largitioni
898 693 1057 736 munerum
1073 677 1160 752 longe

58 768 255 838 aantepono.
284 759 361 820 llaec
386 766 430 818 est
455 759 588 836 gravium
617 760 774 820 hominum
795 769 883 838 atque
904 779 1090 838 magnorum,
1114 760 1159 820 illa

92 845 179 924 quasi
194 845 417 905 adsentatorum
433 845 739 922 populimultitudinis
755 846 903 906 levitatem
915 846 1064 925 voluptate
1077 846 1160 925 qnasi

91 930 287 992 titillantium.
322 929 487 990 Conveniet
512 937 611 990 autem
638 949 704 990 cum
732 931 764 990 in
787 931 884 990 dando
905 932 1079 992 munificum
1096 950 1161 992 esse
1180 947 1213 995 64

90 1026 157 1078 tum
175 1015 206 1076 in
223 1015 366 1092 exigendo
382 1033 443 1074 nou
458 1014 597 1075 acerbum
612 1016 642 1075 in
660 1016 800 1095 omnique
815 1034 848 1076 re
863 1017 1072 1088 contrahenda,
1088 1035 1161 1077 veu-

91 1101 197 1162 dundo
222 1101 357 1172 emendo,
375 1100 567 1160 conducendo
594 1101 729 1172 locando,
755 1101 953 1162 vicinitatibus
975 1111 1005 1162 et
1025 1101 1160 1162 confiniis

44 1201 73 1249 10
90 1205 233 1266 aequum,
261 1185 386 1256 facilem,
402 1185 494 1246 multa
511 1185 612 1246 multis
636 1187 673 1246 de
687 1205 742 1247 sno
757 1187 822 1247 iure
838 1188 1003 1256 cedentem,
1027 1187 1159 1248 alitibus

91 1291 172 1348 vero,
190 1280 335 1350 qnantum
351 1271 435 1330 liceat
450 1280 479 1331 et
495 1271 595 1331 nescio
611 1291 648 1331 an
664 1273 752 1350 paulo
765 1273 831 1351 plus
846 1273 935 1333 ctiam
951 1292 1039 1352 quam
1062 1272 1159 1342 liceat,

91 1358 315 1418 abhorrentem.
339 1355 392 1417 Est
407 1355 489 1416 enim
506 1375 567 1416 nou
590 1357 679 1418 modo
696 1357 825 1430 hberale,
853 1358 972 1437 paulum
989 1376 1052 1418 non
1067 1375 1160 1417 num-

90 1461 182 1522 quam
207 1442 244 1502 de
267 1460 321 1502 suo
344 1441 409 1502 iure
430 1442 584 1512 decedere,
612 1443 664 1503 sed
684 1442 836 1504 interdum
858 1444 946 1504 etiarn
963 1443 1159 1504 fructuosum.

90 1527 234 1589 Habenda
250 1535 348 1588 autem
364 1526 438 1586 ratio
455 1527 557 1587 estrei
578 1527 739 1598 familiaris,
767 1547 857 1607 qnam
883 1529 1002 1608 quidem
1020 1529 1107 1590 dilabi
1119 1529 1159 1589 si-

43 1622 70 1671 15
88 1631 164 1674 uere
180 1613 362 1690 flagitiosum
380 1619 434 1681 est,
450 1613 501 1673 sed
518 1613 567 1683 ita,
584 1621 617 1673 ut
633 1613 849 1674 inliberalitatis
870 1615 1069 1693 avaritiaeque
1084 1615 1160 1675 absit

90 1698 227 1777 suspitio.
251 1697 344 1758 Posse
359 1698 439 1758 enim
455 1698 627 1758 liberalitate
641 1699 759 1759 utinen
771 1699 950 1776 spoliantem
966 1719 998 1760 se
1013 1699 1159 1778 patrimo-

88 1786 140 1844 nio
156 1783 301 1843 nimirum
317 1790 362 1843 est
378 1783 521 1861 pecuniae
536 1783 650 1844 fructus
658 1783 812 1844 maximus
826 1784 916 1844 Recte
933 1786 1022 1846 etiam
1038 1785 1159 1845 aTheo-

87 1871 212 1948 phrasin
235 1875 281 1928 est
306 1869 422 1929 laudata
441 1868 634 1947 hospitalitas,
668 1869 721 1930 Est
735 1868 826 1941 enim,
844 1878 876 1929 ut
893 1870 964 1930 mihi
977 1870 1097 1949 quidem
1114 1871 1158 1929 vi-

89 1956 188 2024 detur,
196 1954 280 2014 valde
296 1955 435 2014 decorum
448 1963 550 2032 patere
559 1954 665 2015 domus
681 1955 838 2015 hominum
846 1954 1019 2016 inlustrium
1031 1955 1152 2034 hospiti·

38 2053 68 2104 20
87 2041 145 2100 bus
161 2039 347 2128 inlustribus,
364 2039 452 2117 idque
463 2039 550 2098 etiam
560 2039 603 2099 rei
618 2039 805 2118 publicaeest
821 2049 1009 2111 ornamento,
1021 2041 1158 2101 homines

91 2133 232 2185 externos
248 2125 305 2184 hoc
319 2124 502 2184 liberalitatis
514 2141 624 2202 genere
640 2123 671 2184 in
688 2125 761 2186 urhe
777 2133 877 2186 nostra
894 2144 955 2186 non
973 2145 1070 2204 egere.
1105 2125 1158 2184 Est

90 2218 191 2271 antem
209 2209 297 2270 etiam
313 2210 504 2270 vehementer
519 2210 590 2270 utile
605 2210 651 2280 iis,
665 2211 715 2289 qui
730 2211 952 2290 honesteposse
969 2213 1160 2272 multumvo-

88 2298 166 2370 lunt,
183 2313 236 2374 per
247 2294 380 2374 hospites
397 2296 472 2374 apud
491 2304 628 2356 externos
644 2298 769 2375 populos
786 2295 882 2357 valere
898 2297 1004 2376 opibus
1021 2296 1156 2375 etgratia.

90 2381 317 2459 Theophrastus
333 2380 454 2459 quidem
470 2379 572 2440 scribit
595 2380 750 2442 Cimonem
769 2381 912 2458 [Athenis]
934 2383 1024 2442 etiam
1040 2383 1071 2442 in
1087 2401 1157 2442 suos

125 2575 150 2624 2.
179 2573 212 2622 ab
230 2572 316 2622 ordine
335 2573 501 2635 nostratem
520 2571 598 2622 Sena-

88 2641 267 2694 torenstande.

124 2712 148 2760 3.
168 2712 196 2758 in
214 2712 276 2759 orat.
296 2707 394 2759 Crassi:
413 2707 476 2757 iiber
489 2708 597 2758 Crassus

89 2798 111 2830 z.
124 2777 165 2842 15
181 2778 238 2827 108.
270 2776 386 2828 Gemeint
404 2775 440 2825 ist
459 2776 599 2826 sicherlich

89 2850 132 2899 die
144 2847 217 2898 Rede
235 2843 277 2894 liir
296 2844 337 2894 die
352 2844 401 2893 Bill
414 2843 456 2894 des
470 2845 597 2896 Servilius

89 2917 183 2982 Caepio
198 2915 253 2963 ud.
266 2913 316 2964 648
328 2913 411 2975 (106),
423 2914 482 2963 dass
496 2914 536 2964 die
548 2912 598 2964 Ge-

89 2985 174 3036 ricbte
198 2983 295 3034 wieder
316 2982 371 3030 dem
390 2980 468 3031 Senat
485 2983 597 3045 gegeben

86 3053 194 3104 werden
208 3052 309 3102 sollten.
335 3051 425 3100 Brutus
437 3051 479 3114 44,
494 3050 541 3100 164
554 3050 600 3100 illa

87 3126 114 3172 in
132 3122 218 3186 legem
238 3119 369 3183 Caepionis
388 3119 420 3180 (d.
440 3117 456 3166 i.
476 3119 538 3168 iiber
557 3119 598 3168 die

87 3191 149 3253 Bill)
162 3190 254 3251 oratio,
268 3190 295 3237 in
307 3203 357 3252 qua
368 3191 391 3236 ci
402 3190 542 3236 auctoritas
554 3202 595 3236 or·

87 3263 169 3310 natur
186 3261 302 3319 senatus,
320 3271 367 3320 qno
382 3269 430 3321 pra
448 3254 537 3305 ordine
554 3253 598 3306 illa

88 3328 221 3388 dicuntur,
239 3329 264 3376 et
280 3323 377 3378 tortilia
389 3326 530 3374 corrodatur
548 3331 598 3374 cet.

88 3412 135 3461 pro
149 3395 250 3446 Cluent.
265 3395 307 3454 51,
328 3393 376 3442 140
389 3383 548 3442 in'auasione
561 3392 596 3442 le·

85 3461 262 3528 gieSerailiae
272 3463 381 3511 manmit
393 3465 468 3510 orani
480 3465 597 3510 senatum

88 3531 218 3590 noadaia
231 3534 257 3579 et
266 3529 350 3580 mealia
362 3530 388 3578 t'n
402 3528 598 3594 equiteellema-

88 3617 137 3652 noe
149 3601 269 3666 asperius
280 3597 356 3648 dicta.

124 3669 148 3718 6.
184 3670 259 3732 quavi
287 3665 489 3716 adsentatorum:
524 3670 598 3731 qaam

89 3739 162 3788 dieat
180 3737 228 3785 den
243 3735 378 3785 ausdruck
395 3733 545 3785 adsentator
564 3751 595 3784 zu

81 3807 202 3868 mildens,
213 3805 260 3854 der
270 3803 411 3854 immerden
419 3802 515 3865 aegris
522 3805 594 3853 einer

81 3874 263 3937 triigeriscben
271 3871 453 3922 Schmeichelei
462 3873 515 3936 hat,
525 3873 594 3923 w'dh-

81 3945 144 3994 rend
157 3943 223 3992 doeh
236 3941 277 3991 die
291 3941 387 4005 Spende
399 3956 448 3989 von
462 3940 538 4006 allen,
551 3941 593 3990 die

136 4025 212 4067 Cicero
228 4023 255 4065 de
270 4025 353 4068 ciliciis.
369 4031 388 4068 4.
402 4026 460 4068 And.

652 2573 716 2622 nach
729 2571 914 2623 Staatsiimtern
937 2573 1061 2636 strebten‚
1082 2588 1157 2637 gege-

651 2640 699 2690 ben
713 2642 808 2690 warde.

686 2710 709 2760 8.
729 2709 911 2760 contrahenda:
929 2708 945 2774 ξ
964 2710 1006 2759 to.
1039 2709 1090 2759 Der
1111 2709 1158 2758 all-

651 2779 765 2842 gemeine
775 2778 871 2842 Regriii
880 2779 945 2829 wird
959 2778 1038 2828 durch
1051 2779 1065 2827 3
1080 2777 1158 2828 Patre

651 2863 700 2895 von
712 2845 833 2898 Gliedern
846 2846 979 2897 erl'tintert.
998 2850 1024 2896 et
1034 2847 1100 2896 kann
1111 2863 1159 2896 vor

652 2915 769 2982 confiniis
788 2917 869 2978 stelin,
888 2915 949 2966 weil
968 2931 994 2966 es
1015 2916 1085 2966 nicht
1103 2915 1158 2965 dies

653 2984 700 3032 mit
716 2984 784 3033 allen
797 2985 1030 3048 vorhergeheuden‚
1048 2985 1157 3034 sondern

653 3053 697 3102 das
719 3052 797 3102 letzte
817 3053 881 3102 Paar
902 3053 947 3102 der
961 3050 1066 3102 Glieder
1082 3061 1159 3102 anter

654 3120 775 3170 einander
788 3120 930 3172 verbindet.

686 3188 710 3238 9.
740 3189 911 3238 alacritatibus
934 3190 959 3237 et
982 3187 1107 3252 confiniis,
1131 3187 1156 3235 in

651 3254 880 3306 Nachbarschnlts-
892 3257 942 3304 und
956 3252 1157 3304 Grenzverhiilt·

652 3340 749 3374 nissen.

688 3393 727 3445 11.
745 3395 869 3458 pamniam
886 3389 968 3454 liceat,
983 3390 1057 3439 niiml.
1072 3391 1097 3439 in
1110 3391 1156 3440 be·

651 3461 714 3512 treii
723 3463 766 3512 des
781 3461 884 3524 eigcnen
897 3458 1041 3508 Vortheils.

689 3532 726 3580 17.
743 3528 928 3595 Theophrasto3
944 3526 1157 3578 wahrscheinlieh

651 3600 714 3647 auch
727 3599 752 3647 in
766 3600 811 3677 der
823 3597 839 3662 ξ
852 3597 884 3646 56
898 3596 1046 3645 crwhhnten
1060 3595 1157 3647 Schriit

649 3669 903 3786 neglnddlile'airzdnter
922 3735 994 3799 attile,
1013 3737 1036 3785 d.
1050 3735 1066 3784 i.
1085 3732 1156 3783 valde

647 3803 720 3866 ultim
738 3803 754 3869 ξ
770 3805 800 3852 ta
818 3804 976 3854 vehementer
988 3803 1155 3854 aarodcratum.

683 3873 722 3921 24.
744 3873 860 3920 Athenis,
891 3872 943 3924 Der
956 3873 1050 3923 Zusatz
1061 3870 1156 3920 kiinnte

648 3957 696 3992 nur
711 3941 844 4005 bodemen,
855 3941 913 3992 dass
927 3943 1014 3993 Cimon
1027 3959 1058 3992 zn
1071 3939 1155 3988 Athen

909 4031 939 4080 li
