2768 4498
325 287 328 290 ,
391 233 434 284 DE
448 231 584 286 OFFICHS
596 232 656 285 mu.
669 234 687 284 l.
714 233 787 285 GAP.
800 235 841 286 ³8.
1092 237 1150 298 107

76 387 268 450 turbationes
283 388 440 466 fugiamus,
456 388 485 448 id
501 396 547 450 est
560 397 662 450 motus
676 387 768 452 animi
782 388 893 450 nimios
904 388 1013 451 rationi
1026 409 1086 452 non
1097 410 1153 470 op-

76 482 292 552 temperantes,
308 473 429 534 siccius
446 473 527 535 modi
541 472 674 535 motibus
689 492 788 534 sermo
805 473 892 534 debet
907 492 1017 546 vacare,
1040 495 1078 537 ne
1102 483 1153 537 aut

78 560 120 620 ira
137 559 245 620 existat
260 568 311 620 aut
326 558 470 637 cupiditas
486 559 592 638 aliqua,
614 569 666 620 aut
680 559 798 637 pigritia
814 569 866 620 aut
885 560 1000 638 ignavia
1023 570 1074 622 aut
1095 561 1153 622 tale

77 643 193 722 aliquid
213 652 361 723 appareat,
387 643 573 724 maximeque
595 643 758 704 curandum
775 654 821 705 est
835 653 870 705 ut
889 664 950 714 eos,
977 646 1152 723 quibuscum

42 740 56 786 5
75 747 249 790 sermonem
266 728 463 800 conferemus,
479 738 508 790 et
527 730 622 790 vereri
643 738 674 802 et
688 728 808 807 diligere
823 729 982 790 videamur.
1006 730 1154 810 Obiurga-

77 814 180 874 tiones
195 813 285 875 etiam
300 830 362 874 non
374 831 539 892 numquam
548 814 684 875 incidunt
695 815 887 889 necessariae,
899 814 930 875 in
942 815 1051 895 quibus
1063 825 1152 876 uten-

60 899 63 905 '
78 899 152 960 dum
169 908 215 959 est
230 899 355 960 fortasse
363 907 400 959 'et
414 900 494 960 vocis
509 898 702 961 contentione
718 899 829 960 maiore
847 909 880 960 et
901 898 1062 962 verborum
1085 919 1153 978 gra·

79 983 170 1045 vitate
197 985 324 1056 acriore3
350 983 378 1043 id
400 984 547 1062 agendum
568 985 667 1057 etiam,
692 994 728 1045 ut
747 1003 779 1045 ea
794 985 889 1046 facere
904 985 1059 1046 videamur
1074 986 1151 1048 irati.

79 1068 142 1130 Sed
166 1077 200 1130 ut
222 1069 260 1129 ad
286 1070 435 1130 urendum
457 1069 676 1142 etsecandum,
697 1068 740 1129 sio
761 1069 795 1130 ad
812 1070 869 1130 hoc
884 1087 976 1147 genus
992 1071 1152 1149 castigandi

29 1164 59 1221 10
76 1172 144 1214 raro
159 1151 303 1233 iniitique
318 1154 481 1226 veniemus,
505 1173 559 1216 neo
574 1172 718 1232 umquam
740 1155 799 1216 nisi
819 1154 994 1230 necessario,
1022 1156 1048 1216 si
1074 1156 1153 1217 nulla

78 1238 246 1318 reperietur
268 1238 324 1300 aiia
346 1239 506 1301 medicina:
530 1240 583 1300 sed
604 1247 704 1302 tamen
725 1239 767 1300 ira
784 1240 888 1318 procul
903 1239 990 1313 absit,
1012 1260 1152 1319 numqua

78 1319 153 1386 nibil
167 1323 339 1394 rectesreri‚
353 1324 427 1384 nibil
441 1324 626 1386 considerate
639 1332 746 1402 potest.
774 1325 909 1403 Magnam
925 1335 1025 1387 autem
1040 1334 1153 1406 partem
1174 1331 1220 1386 137

80 1409 221 1470 clementi
235 1407 429 1486 castigatione
443 1409 512 1470 licet
526 1409 581 1482 uti,
596 1409 737 1486 gravitate
753 1417 854 1470 tamen
871 1410 1018 1483 adiuncta,
1030 1421 1064 1473 ut
1071 1430 1154 1472 seve-

78 1495 152 1554 ritas
168 1493 345 1555 adhibeatur
359 1503 389 1554 et
408 1494 586 1556 contumelia
607 1493 774 1573 repellatur.
804 1496 900 1574 Atque
915 1496 1003 1558 etiam
1020 1497 1090 1559 illud
1106 1497 1153 1577 ip-

27 1595 59 1646 15
77 1597 156 1650 sum,
169 1581 250 1658 quod
267 1578 434 1641 acerbitatis
449 1579 538 1640 habet
553 1578 729 1657 obiurgatio,
749 1579 976 1658 significandum
993 1592 1046 1657 est,
1060 1582 1154 1661 ipsius

79 1664 110 1724 id
134 1683 235 1736 causa,
261 1664 313 1742 qui
337 1664 521 1742 obiurgetur,
547 1682 613 1726 esse
633 1673 814 1742 susceptum.
853 1666 978 1726 Rectum
994 1677 1039 1728 est
1054 1676 1152 1729 autem

80 1750 172 1811 etiam
183 1750 215 1810 in
228 1749 286 1809 iilis
298 1749 551 1819 contentionibus,
567 1768 641 1828 quae
654 1767 722 1810 cum
735 1749 948 1810 inimicissimis
962 1752 1049 1824 fiunt,
1066 1752 1160 1813 etiarn-

80 1836 104 1894 si
117 1835 206 1895 nobis
219 1832 340 1912 indigna
353 1833 516 1908 audiamus,
529 1833 809 1922 tanrengravitatem
821 1834 959 1905 retinere,
972 1837 1153 1898 iracundiam

79 1921 199 1998 pellere.
223 1920 305 1993 Quae
321 1919 400 1980 enim
416 1938 484 1980 cum
505 1919 601 1998 aliqua
622 1918 845 1998 perturbatione
860 1921 946 1992 flunt,
963 1939 996 1982 ea
1011 1939 1067 1982 nec
1081 1939 1155 1982 con·
1246 1963 1251 1970 -

26 2019 59 2068 20
78 2013 195 2067 stanter
207 2005 272 2065 lieri
282 2013 411 2083 possunt
423 2023 520 2084 neque
532 2005 568 2066 iis
580 2004 631 2084 qui
643 2005 753 2066 adsunt
763 2005 891 2084 probari.
916 2005 1054 2066 Deforme
1065 2006 1154 2068 etiarn

79 2100 126 2150 est
142 2089 179 2150 de
195 2109 227 2150 se
242 2089 340 2169 ipsum
362 2090 543 2170 praedicare,
563 2089 634 2150 falsa
654 2090 838 2169 praesertim,
862 2100 891 2151 et
917 2109 983 2152 cum
1009 2091 1154 2152 inrisione

79 2174 268 2236 audientium
285 2175 391 2236 imitari
408 2175 531 2236 militem
545 2175 720 2254 gloriosum.
915 2173 922 2200 ⁸

119 2337 141 2385 i.
166 2333 197 2384 id
215 2337 353 2385 estractus
373 2350 415 2383 ore.
441 2341 490 2383 eet.
515 2333 589 2398 Diog.
645 2333 791 2383 adverbiell
811 2333 957 2397 gebraucht.
991 2334 1079 2386 Etwas
1103 2333 1156 2383 An-

79 2402 124 2455 Vii
146 2403 195 2455 110
224 2401 282 2453 ἐστὶ
304 2399 334 2452 δὲ
356 2395 423 2451 αὐτὸ
443 2397 474 2450 τὸ
495 2397 592 2456 πάθος
646 2402 721 2451 deres
734 2399 770 2449 ist
781 2416 818 2462 es,
838 2416 878 2449 wo
900 2417 929 2451 er
951 2401 1155 2466 alsApposition

78 2466 147 2522 narei
164 2461 283 2532 Ζήνωνα
299 2465 315 2534 ἡ
332 2463 434 2535 ἄλογος
451 2469 497 2518 καὶ
514 2461 591 2535 nnpd
647 2468 843 2532 angescbiosscn
855 2469 898 2518 ist.
926 2467 1105 2532 Liv.1xns,2
1139 2484 1155 2517 a

77 2535 165 2607 φύσιν
179 2535 272 2604 ψυχῆς
287 2529 419 2602 κίνησιςῆ
438 2532 511 2604 ὁρμὴ
529 2538 592 2588 πλε·
647 2538 811 2590 semisomnis
827 2540 851 2586 et
865 2538 983 2586 bauaima
998 2541 1072 2602 porte
1087 2539 1156 2586 iner-

75 2603 222 2665 ονιέζουσα.
591 2655 594 2660 ,
647 2605 740 2654 rudus.

112 2676 137 2725 ⁵·
153 2672 261 2739 ΜΨ
273 2673 417 2726 mmmm
435 2674 498 2726 iim
514 2673 596 2725 ΜΨ
687 2704 724 2755 li.
749 2704 902 2756 contumelio
919 2701 1066 2770 repellatur,
1096 2702 1120 2752 d.
1138 2702 1155 2751 i.

77 2762 97 2794 δ’
111 2760 134 2793 ²*
149 2743 167 2808 b
184 2743 240 2792 1²¹·
645 2773 802 2824 decusatur
814 2789 831 2823 u
842 2771 1007 2835 contumelio,
1028 2783 1157 2820 remouea-

77 2811 250 2932 ¹V⁸335f2⁰5⁰⁷⁶
269 2809 401 2860 mmmm
421 2812 489 2860 ‘'mu''
514 2808 589 2892 1⁸⁸5·
645 2845 772 2906 turem,
783 2843 834 2894 wie
843 2849 921 2894 uuteu
931 2839 1092 2892 iracundiam
1099 2837 1154 2906 pel-

161 2916 168 2942 ’
232 2883 358 2930 ‘mm
374 2893 430 2930 vm
447 2881 528 2929 Μεθ’
539 2893 590 2938 '¹³²'
645 2907 695 2959 lere
715 2918 806 2977 gesagt
825 2913 869 2961 ist.
898 2909 981 2962 Ueber
1002 2906 1154 2960 contumelia

77 2951 149 2998 nime
166 2946 247 3009 decet,
267 2946 391 2997 emolere
412 2961 461 2996 non
481 2945 589 2997 dedecet.
720 2981 725 2996 .

76 3018 122 3066 An
142 3017 191 3066 ute·
208 3017 290 3066 mcci
309 3019 366 3064 tum
382 3014 511 3080 uidentur,
531 3029 590 3065 cum
645 2976 698 3045 νει·
712 2982 727 3046 i
741 2980 781 3030 88·
1070 3061 1076 3073 ,

110 3083 140 3134 fd
149 3087 179 3133 ,ῃ
190 3085 278 3133 cami,
289 3085 375 3133 mim
387 3087 410 3132 οι
418 3084 591 3133 vpmmim
680 3065 718 3117 16.
738 3065 768 3114 ad
780 3065 932 3114 wrederholt
944 3065 991 3114 den
1001 3061 1100 3126 flagrris
1106 3078 1156 3112 von

76 3101 207 3204 {apum
218 3179 252 3188 ..
264 3151 391 3216 Aguntur
399 3153 449 3200 ,m
457 3149 589 3218 praaepm
644 3131 766 3198 idipsum
776 3147 817 3180 um
832 3133 880 3182 deu
892 3131 1035 3195 Gegensatz
1044 3131 1156 3180 hervor-

83 3253 98 3260 ,
118 3219 167 3270 „d
174 3218 591 3284 erpmwotmmom,
647 3199 773 3260 zuheben,
794 3201 843 3249 und
861 3199 897 3248 ist
914 3201 977 3249 eben
990 3196 1094 3248 desheib
1108 3213 1156 3247 vor

77 3259 166 3356 wippa,
193 3284 593 3352 se„‚doi„1114ppumquam
647 3283 725 3323 muro
746 3265 940 3331 eingesoboben.
969 3267 1000 3315 de
1023 3280 1060 3313 or.
1083 3263 1156 3328 135,

77 3361 167 3422 itaqu,
192 3353 330 3407 imppp,
356 3353 512 3406 mmmm„
545 3357 591 3418 „p
650 3336 698 3392 164
710 3339 795 3386 oestuo
806 3336 850 3384 doc
863 3349 949 3384 causo.

77 3423 217 3491 Quando
229 3421 386 3485 emmanue,
406 3426 432 3472 ri
441 3439 532 3489 segnes
543 3437 591 3472 ou-
682 3421 723 3472 22.
741 3419 846 3472 midtcm
860 3419 1016 3485 gloriosum:
1039 3416 1095 3467 eine
1108 3431 1154 3466 aus

76 3493 203 3544 dmutium
216 3489 454 3542 anineicoocitondc'
464 3495 533 3542 cunt.
647 3480 694 3539 der
715 3495 811 3540 nouerit
832 3486 1009 3553 griechischen
1029 3482 1152 3562 Komddie

113 3561 157 3612 12.
169 3575 296 3628 mabvnam
301 3562 411 3626 parton,
419 3560 477 3610 bier
486 3581 502 3602 =
512 3559 538 3608 in
544 3559 592 3608 den
646 3556 841 3608 iiberkommeue
853 3555 903 3605 und
915 3555 942 3604 in
955 3554 1000 3604 der
1012 3553 1155 3602 riimrscben

77 3631 189 3680 meisten
201 3629 303 3680 rursu.
317 3624 393 3676 Tusc.
405 3625 439 3678 lV
450 3629 475 3690 5,
485 3627 500 3676 9
512 3625 592 3692 Chry·
642 3624 740 3691 sabelo
748 3624 856 3690 palliato
872 3625 931 3673 sehr
944 3621 1056 3672 beliebte
1068 3619 1157 3685 Figur,

77 3695 594 3815 tu²⁶÷⁸t²uuuuau²²
649 3687 1157 3811 udissuadeanttui

75 3769 280 3902 'damona
296 3763 595 3909 lidscbbfflensmbepbud
650 3775 749 3879 'fflrbnz
761 3828 787 3877 in
797 3775 1159 3889 suffunduntur-gestent

75 3907 166 3971 parte,
189 3902 254 3952 doch
271 3900 339 3952 wird
355 3903 401 3952 der
418 3899 503 3950 Ablat.
524 3897 595 3946 maht
650 3897 692 3946 ist
